<?xml version="1.0" encoding="UTF-8"?><Document xmlns="urn:iso:std:iso:20022:tech:xsd:pain.001.001.09" xmlns:xsi="http://www.w3.org/2001/XMLSchema-instance"><CstmrCdtTrfInitn><GrpHdr><MsgId>0006433521</MsgId><CreDtTm>2025-06-03T11:41:38</CreDtTm><NbOfTxs>89</NbOfTxs><CtrlSum>499416.19</CtrlSum><InitgPty><Nm>IRMAOS VILA NOVA, SA</Nm><Id><OrgId><Othr><Id>501997784</Id></Othr></OrgId></Id></InitgPty></GrpHdr><PmtInf><PmtInfId>0006433521</PmtInfId><PmtMtd>TRF</PmtMtd><NbOfTxs>89</NbOfTxs><CtrlSum>499416.19</CtrlSum><PmtTpInf><InstrPrty>NORM</InstrPrty><SvcLvl><Cd>SUPP</Cd></SvcLvl></PmtTpInf><ReqdExctnDt><Dt>2025-06-03</Dt></ReqdExctnDt><Dbtr><Nm>Irmaos Vila Nova, SA</Nm><PstlAdr><StrtNm>Av. da Industria</StrtNm><BldgNb>n(o)511</BldgNb><PstCd>4760-725</PstCd><TwnNm>Vila Nova de Famalicao</TwnNm><Ctry>PT</Ctry></PstlAdr></Dbtr><DbtrAcct><Id><IBAN>PT50001000001642572000129</IBAN></Id></DbtrAcct><DbtrAgt><FinInstnId><BICFI>BBPIPTPL</BICFI></FinInstnId><BrnchId><Id>Av. Boavista</Id></BrnchId></DbtrAgt><ChrgBr>SLEV</ChrgBr><CdtTrfTxInf><PmtId><InstrId>01-201022300026222025</InstrId><EndToEndId>2230002622</EndToEndId></PmtId><Amt><InstdAmt Ccy="EUR">5513.84</InstdAmt></Amt><CdtrAgt><FinInstnId><ClrSysMmbId><ClrSysId><Cd>PTNCC</Cd></ClrSysId><MmbId>00330000</MmbId></ClrSysMmbId><Nm>Millenium BCP</Nm><PstlAdr><Ctry>PT</Ctry></PstlAdr></FinInstnId></CdtrAgt><Cdtr><Nm>JMS - UNIPESSOAL, LDA</Nm><PstlAdr><StrtNm>RUA FERREIRA DE LEMOS, 260</StrtNm><PstCd>4780-468</PstCd><TwnNm>SANTO TIRSO</TwnNm><Ctry>PT</Ctry></PstlAdr></Cdtr><CdtrAcct><Id><IBAN>PT50003300004559897822405</IBAN></Id><Nm>JMS - UNIPESSOAL, LDA</Nm></CdtrAcct><Tax><Dbtr><TaxId>PT501997784</TaxId></Dbtr><RefNb>FAC1/6537</RefNb><Dt>2025-06-03</Dt><Rcrd><Tp>WHT</Tp><TaxAmt><TaxblBaseAmt Ccy="EUR">0.00</TaxblBaseAmt><TtlAmt Ccy="EUR">0.00</TtlAmt></TaxAmt></Rcrd></Tax><RmtInf><Ustrd>/ADV/2230002622 3.6.2025</Ustrd></RmtInf></CdtTrfTxInf><CdtTrfTxInf><PmtId><InstrId>01-201022300026212025</InstrId><EndToEndId>2230002621</EndToEndId></PmtId><Amt><InstdAmt Ccy="EUR">75.40</InstdAmt></Amt><CdtrAgt><FinInstnId><ClrSysMmbId><ClrSysId><Cd>PTNCC</Cd></ClrSysId><MmbId>00180003</MmbId></ClrSysMmbId><Nm>BANCO SANTANDER TOTTA, SA</Nm><PstlAdr><Ctry>PT</Ctry></PstlAdr></FinInstnId></CdtrAgt><Cdtr><Nm>CIA COM.DE INOX E ACESSORIOS,LDA</Nm><PstlAdr><StrtNm>TRAVESSA DA BICA N(o) 527</StrtNm><PstCd>4765-080</PstCd><TwnNm>V.N.FAMALICAO</TwnNm><Ctry>PT</Ctry></PstlAdr></Cdtr><CdtrAcct><Id><IBAN>PT50001800031366671402057</IBAN></Id><Nm>CIA COM.DE INOX E ACESSORIOS,LDA</Nm></CdtrAcct><Tax><Dbtr><TaxId>PT501997784</TaxId></Dbtr><RefNb>FTFA.2025/2285</RefNb><Dt>2025-06-03</Dt><Rcrd><Tp>WHT</Tp><TaxAmt><TaxblBaseAmt Ccy="EUR">0.00</TaxblBaseAmt><TtlAmt Ccy="EUR">0.00</TtlAmt></TaxAmt></Rcrd></Tax><RmtInf><Ustrd>/INV/FTFA.2025/2285 24.3.2025</Ustrd></RmtInf></CdtTrfTxInf><CdtTrfTxInf><PmtId><InstrId>01-201022300026202025</InstrId><EndToEndId>2230002620</EndToEndId></PmtId><Amt><InstdAmt Ccy="EUR">3675.09</InstdAmt></Amt><CdtrAgt><FinInstnId><ClrSysMmbId><ClrSysId><Cd>PTNCC</Cd></ClrSysId><MmbId>00350005</MmbId></ClrSysMmbId><Nm>CAIXA GERAL DE DEPOSITOS, SA</Nm><PstlAdr><Ctry>PT</Ctry></PstlAdr></FinInstnId></CdtrAgt><Cdtr><Nm>EMPACO - PASSAMANARIAS UNIP. LDA</Nm><PstlAdr><StrtNm>RUA DO CAULINO, N(o) 264/272</StrtNm><PstCd>4445-259</PstCd><TwnNm>ALFENA</TwnNm><Ctry>PT</Ctry></PstlAdr></Cdtr><CdtrAcct><Id><IBAN>PT50003500050001398413064</IBAN></Id><Nm>EMPACO - PASSAMANARIAS UNIP. LDA</Nm></CdtrAcct><Tax><Dbtr><TaxId>PT501997784</TaxId></Dbtr><RefNb>FTFA.2025/468</RefNb><Dt>2025-06-03</Dt><Rcrd><Tp>WHT</Tp><TaxAmt><TaxblBaseAmt Ccy="EUR">0.00</TaxblBaseAmt><TtlAmt Ccy="EUR">0.00</TtlAmt></TaxAmt></Rcrd></Tax><RmtInf><Ustrd>/INV/FTFA.2025/468 21.2.2025</Ustrd></RmtInf></CdtTrfTxInf><CdtTrfTxInf><PmtId><InstrId>01-201022300026192025</InstrId><EndToEndId>2230002619</EndToEndId></PmtId><Amt><InstdAmt Ccy="EUR">91.09</InstdAmt></Amt><CdtrAgt><FinInstnId><ClrSysMmbId><ClrSysId><Cd>PTNCC</Cd></ClrSysId><MmbId>00100000</MmbId></ClrSysMmbId><Nm>BANCO BPI SA</Nm><PstlAdr><Ctry>PT</Ctry></PstlAdr></FinInstnId><BrnchId><Id>Av. Boavista</Id></BrnchId></CdtrAgt><Cdtr><Nm>PNEUS D. PEDRO V - COMERCIO DE PNEU</Nm><PstlAdr><StrtNm>RUA D. PEDRO V, 221</StrtNm><PstCd>4785-306</PstCd><TwnNm>TROFA</TwnNm><Ctry>PT</Ctry></PstlAdr></Cdtr><CdtrAcct><Id><IBAN>PT50001000002987907000159</IBAN></Id><Nm>PNEUS D. PEDRO V - COMERCIO DE PNEU</Nm></CdtrAcct><Tax><Dbtr><TaxId>PT501997784</TaxId></Dbtr><RefNb>FT025/2.200</RefNb><Dt>2025-06-03</Dt><Rcrd><Tp>WHT</Tp><TaxAmt><TaxblBaseAmt Ccy="EUR">0.00</TaxblBaseAmt><TtlAmt Ccy="EUR">0.00</TtlAmt></TaxAmt></Rcrd></Tax><RmtInf><Ustrd>/INV/FT025/2.200 26.3.2025/INV/FT025/2.354 1.4.2025</Ustrd></RmtInf></CdtTrfTxInf><CdtTrfTxInf><PmtId><InstrId>01-201022300026182025</InstrId><EndToEndId>2230002618</EndToEndId></PmtId><Amt><InstdAmt Ccy="EUR">658.67</InstdAmt></Amt><CdtrAgt><FinInstnId><ClrSysMmbId><ClrSysId><Cd>PTNCC</Cd></ClrSysId><MmbId>01703041</MmbId></ClrSysMmbId><Nm>ABANCA</Nm><PstlAdr><Ctry>PT</Ctry></PstlAdr></FinInstnId></CdtrAgt><Cdtr><Nm>MARCAEMBAL, LDA COMERCIO E INDUSTRIA, UNIPESSOAL</Nm><PstlAdr><StrtNm>RUA DOS CRUZEIROS, 78</StrtNm><PstCd>4410-052</PstCd><TwnNm>SERZEDO</TwnNm><Ctry>PT</Ctry></PstlAdr></Cdtr><CdtrAcct><Id><IBAN>PT50017030410304000174076</IBAN></Id><Nm>MARCAEMBAL, LDA</Nm></CdtrAcct><Tax><Dbtr><TaxId>PT501997784</TaxId></Dbtr><RefNb>FTFA.25CR/389</RefNb><Dt>2025-06-03</Dt><Rcrd><Tp>WHT</Tp><TaxAmt><TaxblBaseAmt Ccy="EUR">0.00</TaxblBaseAmt><TtlAmt Ccy="EUR">0.00</TtlAmt></TaxAmt></Rcrd></Tax><RmtInf><Ustrd>/INV/FTFA.25CR/389 25.2.2025</Ustrd></RmtInf></CdtTrfTxInf><CdtTrfTxInf><PmtId><InstrId>01-201022300026172025</InstrId><EndToEndId>2230002617</EndToEndId></PmtId><Amt><InstdAmt Ccy="EUR">14396.07</InstdAmt></Amt><CdtrAgt><FinInstnId><ClrSysMmbId><ClrSysId><Cd>PTNCC</Cd></ClrSysId><MmbId>00451281</MmbId></ClrSysMmbId><Nm>CAIXA CENTRAL DE CREDITO AGRICOLA MUTUO</Nm><PstlAdr><Ctry>PT</Ctry></PstlAdr></FinInstnId></CdtrAgt><Cdtr><Nm>TEC PELLETS - PROD. COM. DE PELLETS</Nm><PstlAdr><StrtNm>Rua Padre Celestino Furtado, 723</StrtNm><PstCd>4570-077</PstCd><TwnNm>BALAZAR PVZ</TwnNm><Ctry>PT</Ctry></PstlAdr></Cdtr><CdtrAcct><Id><IBAN>PT50004512814025279301554</IBAN></Id><Nm>TEC PELLETS - PROD. COM. DE PELLETS</Nm></CdtrAcct><Tax><Dbtr><TaxId>PT501997784</TaxId></Dbtr><RefNb>FTFA.2025/694</RefNb><Dt>2025-06-03</Dt><Rcrd><Tp>WHT</Tp><TaxAmt><TaxblBaseAmt Ccy="EUR">0.00</TaxblBaseAmt><TtlAmt Ccy="EUR">0.00</TtlAmt></TaxAmt></Rcrd></Tax><RmtInf><Ustrd>/INV/FTFA.2025/694 31.3.2025/INV/FTFA.2025/658 26.3.2025</Ustrd></RmtInf></CdtTrfTxInf><CdtTrfTxInf><PmtId><InstrId>01-201022300026162025</InstrId><EndToEndId>2230002616</EndToEndId></PmtId><Amt><InstdAmt Ccy="EUR">68.22</InstdAmt></Amt><CdtrAgt><FinInstnId><ClrSysMmbId><ClrSysId><Cd>PTNCC</Cd></ClrSysId><MmbId>00330000</MmbId></ClrSysMmbId><Nm>Millenium BCP</Nm><PstlAdr><Ctry>PT</Ctry></PstlAdr></FinInstnId></CdtrAgt><Cdtr><Nm>DANIEL ALMEIDA-MAQ. TEXTEIS,UNIP.</Nm><PstlAdr><StrtNm>RUA DO RIBEIRO, N(o) 143/E</StrtNm><PstCd>4770-060</PstCd><TwnNm>Bente</TwnNm><Ctry>PT</Ctry></PstlAdr></Cdtr><CdtrAcct><Id><IBAN>PT50003300004547230718505</IBAN></Id><Nm>DANIEL ALMEIDA-MAQ. TEXTEIS,UNIP.</Nm></CdtrAcct><Tax><Dbtr><TaxId>PT501997784</TaxId></Dbtr><RefNb>FTM/26</RefNb><Dt>2025-06-03</Dt><Rcrd><Tp>WHT</Tp><TaxAmt><TaxblBaseAmt Ccy="EUR">0.00</TaxblBaseAmt><TtlAmt Ccy="EUR">0.00</TtlAmt></TaxAmt></Rcrd></Tax><RmtInf><Ustrd>/INV/FTM/26 25.3.2025</Ustrd></RmtInf></CdtTrfTxInf><CdtTrfTxInf><PmtId><InstrId>01-201022300026152025</InstrId><EndToEndId>2230002615</EndToEndId></PmtId><Amt><InstdAmt Ccy="EUR">4014.50</InstdAmt></Amt><CdtrAgt><FinInstnId><ClrSysMmbId><ClrSysId><Cd>PTNCC</Cd></ClrSysId><MmbId>00330000</MmbId></ClrSysMmbId><Nm>Millenium BCP</Nm><PstlAdr><Ctry>PT</Ctry></PstlAdr></FinInstnId></CdtrAgt><Cdtr><Nm>SPEEDAPPROACH, LDA</Nm><PstlAdr><StrtNm>RUA DAVID MARQUES DA ROCHA S/N</StrtNm><PstCd>4475-854</PstCd><TwnNm>MILHEIROS</TwnNm><Ctry>PT</Ctry></PstlAdr></Cdtr><CdtrAcct><Id><IBAN>PT50003300004554701998005</IBAN></Id><Nm>SPEEDAPPROACH, LDA</Nm></CdtrAcct><Tax><Dbtr><TaxId>PT501997784</TaxId></Dbtr><RefNb>1/19082</RefNb><Dt>2025-06-03</Dt><Rcrd><Tp>WHT</Tp><TaxAmt><TaxblBaseAmt Ccy="EUR">0.00</TaxblBaseAmt><TtlAmt Ccy="EUR">0.00</TtlAmt></TaxAmt></Rcrd></Tax><RmtInf><Ustrd>/INV/1/19082 24.3.2025/INV/1/19088 24.3.2025/INV/1/19154 31.3.2025</Ustrd></RmtInf></CdtTrfTxInf><CdtTrfTxInf><PmtId><InstrId>01-201022300026142025</InstrId><EndToEndId>2230002614</EndToEndId></PmtId><Amt><InstdAmt Ccy="EUR">135.79</InstdAmt></Amt><CdtrAgt><FinInstnId><ClrSysMmbId><ClrSysId><Cd>PTNCC</Cd></ClrSysId><MmbId>00100000</MmbId></ClrSysMmbId><Nm>BANCO BPI SA</Nm><PstlAdr><Ctry>PT</Ctry></PstlAdr></FinInstnId><BrnchId><Id>Av. Boavista</Id></BrnchId></CdtrAgt><Cdtr><Nm>JVS Assistencia Tecnica a Empilhadores,</Nm><PstlAdr><StrtNm>RUA DE CABEDA, 203</StrtNm><PstCd>4445-349</PstCd><TwnNm>ERMESINDE</TwnNm><Ctry>PT</Ctry></PstlAdr></Cdtr><CdtrAcct><Id><IBAN>PT50001000002649617000178</IBAN></Id><Nm>JVS Assistencia Tecnica a Empilhadores,</Nm></CdtrAcct><Tax><Dbtr><TaxId>PT501997784</TaxId></Dbtr><RefNb>FT1/17080</RefNb><Dt>2025-06-03</Dt><Rcrd><Tp>WHT</Tp><TaxAmt><TaxblBaseAmt Ccy="EUR">0.00</TaxblBaseAmt><TtlAmt Ccy="EUR">0.00</TtlAmt></TaxAmt></Rcrd></Tax><RmtInf><Ustrd>/INV/FT1/17080 23.4.2025</Ustrd></RmtInf></CdtTrfTxInf><CdtTrfTxInf><PmtId><InstrId>01-201022300026132025</InstrId><EndToEndId>2230002613</EndToEndId></PmtId><Amt><InstdAmt Ccy="EUR">6199.20</InstdAmt></Amt><CdtrAgt><FinInstnId><ClrSysMmbId><ClrSysId><Cd>PTNCC</Cd></ClrSysId><MmbId>00330000</MmbId></ClrSysMmbId><Nm>Millenium BCP</Nm><PstlAdr><Ctry>PT</Ctry></PstlAdr></FinInstnId></CdtrAgt><Cdtr><Nm>Impocolor - Produtos Quimicos, S.A.</Nm><PstlAdr><StrtNm>RUA DA BOAVISTA</StrtNm><PstCd>4416-882</PstCd><TwnNm>GRIJO</TwnNm><Ctry>PT</Ctry></PstlAdr></Cdtr><CdtrAcct><Id><IBAN>PT50003300000000080005705</IBAN></Id><Nm>Impocolor - Produtos Quimicos, S.A.</Nm></CdtrAcct><Tax><Dbtr><TaxId>PT501997784</TaxId></Dbtr><RefNb>FTFA.25/631</RefNb><Dt>2025-06-03</Dt><Rcrd><Tp>WHT</Tp><TaxAmt><TaxblBaseAmt Ccy="EUR">0.00</TaxblBaseAmt><TtlAmt Ccy="EUR">0.00</TtlAmt></TaxAmt></Rcrd></Tax><RmtInf><Ustrd>/INV/FTFA.25/631 21.2.2025</Ustrd></RmtInf></CdtTrfTxInf><CdtTrfTxInf><PmtId><InstrId>01-201022300026122025</InstrId><EndToEndId>2230002612</EndToEndId></PmtId><Amt><InstdAmt Ccy="EUR">121.95</InstdAmt></Amt><CdtrAgt><FinInstnId><ClrSysMmbId><ClrSysId><Cd>PTNCC</Cd></ClrSysId><MmbId>00180003</MmbId></ClrSysMmbId><Nm>BANCO SANTANDER TOTTA, SA</Nm><PstlAdr><Ctry>PT</Ctry></PstlAdr></FinInstnId></CdtrAgt><Cdtr><Nm>ART IN VOGUE, UNIPESSOAL, LDA. YOU IMAGINE WE CREATE</Nm><PstlAdr><StrtNm>RUA DO OUTEIRO 99</StrtNm><PstCd>4510-356</PstCd><TwnNm>SAO PEDRO DA COVA</TwnNm><Ctry>PT</Ctry></PstlAdr></Cdtr><CdtrAcct><Id><IBAN>PT50001800033471502902015</IBAN></Id><Nm>ART IN VOGUE, UNIPESSOAL, LDA.</Nm></CdtrAcct><Tax><Dbtr><TaxId>PT501997784</TaxId></Dbtr><RefNb>420</RefNb><Dt>2025-06-03</Dt><Rcrd><Tp>WHT</Tp><TaxAmt><TaxblBaseAmt Ccy="EUR">0.00</TaxblBaseAmt><TtlAmt Ccy="EUR">0.00</TtlAmt></TaxAmt></Rcrd></Tax><RmtInf><Ustrd>/INV/420 24.3.2025</Ustrd></RmtInf></CdtTrfTxInf><CdtTrfTxInf><PmtId><InstrId>01-201022300026112025</InstrId><EndToEndId>2230002611</EndToEndId></PmtId><Amt><InstdAmt Ccy="EUR">5286.97</InstdAmt></Amt><CdtrAgt><FinInstnId><ClrSysMmbId><ClrSysId><Cd>PTNCC</Cd></ClrSysId><MmbId>00330000</MmbId></ClrSysMmbId><Nm>Millenium BCP</Nm><PstlAdr><Ctry>PT</Ctry></PstlAdr></FinInstnId></CdtrAgt><Cdtr><Nm>Confeccoes Marijoave, Lda.</Nm><PstlAdr><StrtNm>RUA JOAO JOSE SILVA LIBORIO, 25</StrtNm><PstCd>4760-716</PstCd><TwnNm>RIBEIRAO</TwnNm><Ctry>PT</Ctry></PstlAdr></Cdtr><CdtrAcct><Id><IBAN>PT50003300000004554697767</IBAN></Id><Nm>Confeccoes Marijoave, Lda.</Nm></CdtrAcct><Tax><Dbtr><TaxId>PT501997784</TaxId></Dbtr><RefNb>FCFC.2025/18</RefNb><Dt>2025-06-03</Dt><Rcrd><Tp>WHT</Tp><TaxAmt><TaxblBaseAmt Ccy="EUR">0.00</TaxblBaseAmt><TtlAmt Ccy="EUR">0.00</TtlAmt></TaxAmt></Rcrd></Tax><RmtInf><Ustrd>/INV/FCFC.2025/18 30.4.2025/INV/FCFC.2025/21 30.4.2025/INV/FCFC.2025/19 30.4.2025/INV/FCFC.2025/20 30.4.2025</Ustrd></RmtInf></CdtTrfTxInf><CdtTrfTxInf><PmtId><InstrId>01-201022300026102025</InstrId><EndToEndId>2230002610</EndToEndId></PmtId><Amt><InstdAmt Ccy="EUR">41.51</InstdAmt></Amt><CdtrAgt><FinInstnId><ClrSysMmbId><ClrSysId><Cd>PTNCC</Cd></ClrSysId><MmbId>00190046</MmbId></ClrSysMmbId><Nm>BANCO BILBAO VIZCAYA ARGENTARIA (PORTUGAL), SA</Nm><PstlAdr><Ctry>PT</Ctry></PstlAdr></FinInstnId></CdtrAgt><Cdtr><Nm>Armando Fonseca Sa, Unip., Lda.</Nm><PstlAdr><StrtNm>RUA COSTA CABRAL, 2107 - 3 (o) ESQ.</StrtNm><PstCd>4200-230</PstCd><TwnNm>PORTO</TwnNm><Ctry>PT</Ctry></PstlAdr></Cdtr><CdtrAcct><Id><IBAN>PT50001900460020002123761</IBAN></Id><Nm>Armando Fonseca Sa, Unip., Lda.</Nm></CdtrAcct><Tax><Dbtr><TaxId>PT501997784</TaxId></Dbtr><RefNb>CFA2025/91</RefNb><Dt>2025-06-03</Dt><Rcrd><Tp>WHT</Tp><TaxAmt><TaxblBaseAmt Ccy="EUR">0.00</TaxblBaseAmt><TtlAmt Ccy="EUR">0.00</TtlAmt></TaxAmt></Rcrd></Tax><RmtInf><Ustrd>/INV/CFA2025/91 26.3.2025</Ustrd></RmtInf></CdtTrfTxInf><CdtTrfTxInf><PmtId><InstrId>01-201022300026092025</InstrId><EndToEndId>2230002609</EndToEndId></PmtId><Amt><InstdAmt Ccy="EUR">370.97</InstdAmt></Amt><CdtrAgt><FinInstnId><ClrSysMmbId><ClrSysId><Cd>PTNCC</Cd></ClrSysId><MmbId>00190149</MmbId></ClrSysMmbId><Nm>BANCO BILBAO VIZCAYA ARGENTARIA (PORTUGAL), SA</Nm><PstlAdr><Ctry>PT</Ctry></PstlAdr></FinInstnId></CdtrAgt><Cdtr><Nm>ADI CENTER PORTUGAL, UNIPESSOAL, SA</Nm><PstlAdr><StrtNm>RUA ANTONIO JOAQUIM C MONTEIRO, N(o)</StrtNm><PstCd>4780-165</PstCd><TwnNm>SANTO TIRSO</TwnNm><Ctry>PT</Ctry></PstlAdr></Cdtr><CdtrAcct><Id><IBAN>PT50001901490020000221307</IBAN></Id><Nm>ADI CENTER PORTUGAL, UNIPESSOAL, SA</Nm></CdtrAcct><Tax><Dbtr><TaxId>PT501997784</TaxId></Dbtr><RefNb>ACPT125/00001401</RefNb><Dt>2025-06-03</Dt><Rcrd><Tp>WHT</Tp><TaxAmt><TaxblBaseAmt Ccy="EUR">0.00</TaxblBaseAmt><TtlAmt Ccy="EUR">0.00</TtlAmt></TaxAmt></Rcrd></Tax><RmtInf><Ustrd>/INV/ACPT125/00001401 31.3.2025</Ustrd></RmtInf></CdtTrfTxInf><CdtTrfTxInf><PmtId><InstrId>01-201022300026082025</InstrId><EndToEndId>2230002608</EndToEndId></PmtId><Amt><InstdAmt Ccy="EUR">24000.38</InstdAmt></Amt><CdtrAgt><FinInstnId><ClrSysMmbId><ClrSysId><Cd>PTNCC</Cd></ClrSysId><MmbId>00330000</MmbId></ClrSysMmbId><Nm>Millenium BCP</Nm><PstlAdr><Ctry>PT</Ctry></PstlAdr></FinInstnId></CdtrAgt><Cdtr><Nm>Redicom - Moreira Costa, Lda</Nm><PstlAdr><StrtNm>PRACA 25 DE ABRIL, 7 - 2(o) E 3(o) ANDA</StrtNm><PstCd>4780-413</PstCd><TwnNm>SANTO TIRSO</TwnNm><Ctry>PT</Ctry></PstlAdr></Cdtr><CdtrAcct><Id><IBAN>PT50003300004524566726705</IBAN></Id><Nm>Redicom - Moreira Costa, Lda</Nm></CdtrAcct><Tax><Dbtr><TaxId>PT501997784</TaxId></Dbtr><RefNb>FAC25/1026</RefNb><Dt>2025-06-03</Dt><Rcrd><Tp>WHT</Tp><TaxAmt><TaxblBaseAmt Ccy="EUR">0.00</TaxblBaseAmt><TtlAmt Ccy="EUR">0.00</TtlAmt></TaxAmt></Rcrd></Tax><RmtInf><Ustrd>/INV/FAC25/1026 27.3.2025/INV/FAC25/904 25.3.2025/INV/FAC25/1025 27.3.2025</Ustrd></RmtInf></CdtTrfTxInf><CdtTrfTxInf><PmtId><InstrId>01-201022300026072025</InstrId><EndToEndId>2230002607</EndToEndId></PmtId><Amt><InstdAmt Ccy="EUR">135.37</InstdAmt></Amt><CdtrAgt><FinInstnId><ClrSysMmbId><ClrSysId><Cd>PTNCC</Cd></ClrSysId><MmbId>00330000</MmbId></ClrSysMmbId><Nm>Millenium BCP</Nm><PstlAdr><Ctry>PT</Ctry></PstlAdr></FinInstnId></CdtrAgt><Cdtr><Nm>Rolmaquinas - Rolamentos e Maquinas, Lda</Nm><PstlAdr><StrtNm>RUA NOSSA SENHORA DE FATIMA, 148 A</StrtNm><PstCd>4796-908</PstCd><TwnNm>AVES</TwnNm><Ctry>PT</Ctry></PstlAdr></Cdtr><CdtrAcct><Id><IBAN>PT50003300005001441958205</IBAN></Id><Nm>Rolmaquinas - Rolamentos e Maquinas, Lda</Nm></CdtrAcct><Tax><Dbtr><TaxId>PT501997784</TaxId></Dbtr><RefNb>FTA/10079</RefNb><Dt>2025-06-03</Dt><Rcrd><Tp>WHT</Tp><TaxAmt><TaxblBaseAmt Ccy="EUR">0.00</TaxblBaseAmt><TtlAmt Ccy="EUR">0.00</TtlAmt></TaxAmt></Rcrd></Tax><RmtInf><Ustrd>/INV/FTA/10079 31.3.2025</Ustrd></RmtInf></CdtTrfTxInf><CdtTrfTxInf><PmtId><InstrId>01-201022300026062025</InstrId><EndToEndId>2230002606</EndToEndId></PmtId><Amt><InstdAmt Ccy="EUR">365.98</InstdAmt></Amt><CdtrAgt><FinInstnId><ClrSysMmbId><ClrSysId><Cd>PTNCC</Cd></ClrSysId><MmbId>00360068</MmbId></ClrSysMmbId><Nm>CAIXA ECON MONTEPIO GERAL - TROFA</Nm><PstlAdr><Ctry>PT</Ctry></PstlAdr></FinInstnId><BrnchId><Id>TROFA</Id></BrnchId></CdtrAgt><Cdtr><Nm>Gmlux Electricidade, Lda</Nm><PstlAdr><StrtNm>RUA ARMINDO COSTA AZEVEDO JUNIOR</StrtNm><PstCd>4785-252</PstCd><TwnNm>TROFA</TwnNm><Ctry>PT</Ctry></PstlAdr></Cdtr><CdtrAcct><Id><IBAN>PT50003600689910005465638</IBAN></Id><Nm>Gmlux Electricidade, Lda</Nm></CdtrAcct><Tax><Dbtr><TaxId>PT501997784</TaxId></Dbtr><RefNb>-V003.01/2300089</RefNb><Dt>2025-06-03</Dt><Rcrd><Tp>WHT</Tp><TaxAmt><TaxblBaseAmt Ccy="EUR">0.00</TaxblBaseAmt><TtlAmt Ccy="EUR">0.00</TtlAmt></TaxAmt></Rcrd></Tax><RmtInf><Ustrd>/INV/-V003.01/2300089 22.5.2025/INV/-V001.01/2303497 25.3.2025</Ustrd></RmtInf></CdtTrfTxInf><CdtTrfTxInf><PmtId><InstrId>01-201022300026052025</InstrId><EndToEndId>2230002605</EndToEndId></PmtId><Amt><InstdAmt Ccy="EUR">1158.66</InstdAmt></Amt><CdtrAgt><FinInstnId><ClrSysMmbId><ClrSysId><Cd>PTNCC</Cd></ClrSysId><MmbId>00350586</MmbId></ClrSysMmbId><Nm>CAIXA GERAL DE DEPOSITOS, SA</Nm><PstlAdr><Ctry>PT</Ctry></PstlAdr></FinInstnId></CdtrAgt><Cdtr><Nm>Ledechem- Produtos Quimicos, Lda</Nm><PstlAdr><StrtNm>PARQUE INDUSTRIAL DE ADAUFE - LOTE</StrtNm><PstCd>4710-571</PstCd><TwnNm>BRAGA</TwnNm><Ctry>PT</Ctry></PstlAdr></Cdtr><CdtrAcct><Id><IBAN>PT50003505860000037273092</IBAN></Id><Nm>Ledechem- Produtos Quimicos, Lda</Nm></CdtrAcct><Tax><Dbtr><TaxId>PT501997784</TaxId></Dbtr><RefNb>FA2025/0500</RefNb><Dt>2025-06-03</Dt><Rcrd><Tp>WHT</Tp><TaxAmt><TaxblBaseAmt Ccy="EUR">0.00</TaxblBaseAmt><TtlAmt Ccy="EUR">0.00</TtlAmt></TaxAmt></Rcrd></Tax><RmtInf><Ustrd>/INV/FA2025/0500 24.3.2025/INV/FA2025/0555 1.4.2025</Ustrd></RmtInf></CdtTrfTxInf><CdtTrfTxInf><PmtId><InstrId>01-201022300026042025</InstrId><EndToEndId>2230002604</EndToEndId></PmtId><Amt><InstdAmt Ccy="EUR">3108.71</InstdAmt></Amt><CdtrAgt><FinInstnId><ClrSysMmbId><ClrSysId><Cd>PTNCC</Cd></ClrSysId><MmbId>00100000</MmbId></ClrSysMmbId><Nm>BANCO BPI SA</Nm><PstlAdr><Ctry>PT</Ctry></PstlAdr></FinInstnId><BrnchId><Id>Av. Boavista</Id></BrnchId></CdtrAgt><Cdtr><Nm>Electrocelos -Sist.Aut.Com.Barcelos, Lda</Nm><PstlAdr><StrtNm>TRAVESSA DO SOBREIRO, 29</StrtNm><PstCd>4755-474</PstCd><TwnNm>BARCELOS</TwnNm><Ctry>PT</Ctry></PstlAdr></Cdtr><CdtrAcct><Id><IBAN>PT50001000002601304000173</IBAN></Id><Nm>Electrocelos -Sist.Aut.Com.Barcelos, Lda</Nm></CdtrAcct><Tax><Dbtr><TaxId>PT501997784</TaxId></Dbtr><RefNb>FT2025A7/302</RefNb><Dt>2025-06-03</Dt><Rcrd><Tp>WHT</Tp><TaxAmt><TaxblBaseAmt Ccy="EUR">0.00</TaxblBaseAmt><TtlAmt Ccy="EUR">0.00</TtlAmt></TaxAmt></Rcrd></Tax><RmtInf><Ustrd>/INV/FT2025A7/302 25.3.2025</Ustrd></RmtInf></CdtTrfTxInf><CdtTrfTxInf><PmtId><InstrId>01-201022300026032025</InstrId><EndToEndId>2230002603</EndToEndId></PmtId><Amt><InstdAmt Ccy="EUR">6038.57</InstdAmt></Amt><CdtrAgt><FinInstnId><ClrSysMmbId><ClrSysId><Cd>PTNCC</Cd></ClrSysId><MmbId>00330000</MmbId></ClrSysMmbId><Nm>Millenium BCP</Nm><PstlAdr><Ctry>PT</Ctry></PstlAdr></FinInstnId></CdtrAgt><Cdtr><Nm>RNM - PRODUTOS QUIMICOS, LDA</Nm><PstlAdr><StrtNm>AVENIDA DAS SEARAS, 132</StrtNm><PstCd>4770-329</PstCd><TwnNm>LANDIM VNF</TwnNm><Ctry>PT</Ctry></PstlAdr></Cdtr><CdtrAcct><Id><IBAN>PT50003300004600004190081</IBAN></Id><Nm>RNM - PRODUTOS QUIMICOS, LDA</Nm></CdtrAcct><Tax><Dbtr><TaxId>PT501997784</TaxId></Dbtr><RefNb>1BAI9/0161105351</RefNb><Dt>2025-06-03</Dt><Rcrd><Tp>WHT</Tp><TaxAmt><TaxblBaseAmt Ccy="EUR">0.00</TaxblBaseAmt><TtlAmt Ccy="EUR">0.00</TtlAmt></TaxAmt></Rcrd></Tax><RmtInf><Ustrd>/INV/1BAI9/0161105351 22.2.2025/INV/1BAI9/0161105202 20.2.2025</Ustrd></RmtInf></CdtTrfTxInf><CdtTrfTxInf><PmtId><InstrId>01-201022300026022025</InstrId><EndToEndId>2230002602</EndToEndId></PmtId><Amt><InstdAmt Ccy="EUR">38349.04</InstdAmt></Amt><CdtrAgt><FinInstnId><ClrSysMmbId><ClrSysId><Cd>PTNCC</Cd></ClrSysId><MmbId>00330000</MmbId></ClrSysMmbId><Nm>Millenium BCP</Nm><PstlAdr><Ctry>PT</Ctry></PstlAdr></FinInstnId></CdtrAgt><Cdtr><Nm>Randstad II - Prestacao de Servicos, Lda</Nm><PstlAdr><StrtNm>AV. REPUBLICA, 26</StrtNm><PstCd>1069-228</PstCd><TwnNm>LISBOA</TwnNm><Ctry>PT</Ctry></PstlAdr></Cdtr><CdtrAcct><Id><IBAN>PT50003300000019559894905</IBAN></Id><Nm>Randstad II - Prestacao de Servicos, Lda</Nm></CdtrAcct><Tax><Dbtr><TaxId>PT501997784</TaxId></Dbtr><RefNb>2025FT30F02408</RefNb><Dt>2025-06-03</Dt><Rcrd><Tp>WHT</Tp><TaxAmt><TaxblBaseAmt Ccy="EUR">0.00</TaxblBaseAmt><TtlAmt Ccy="EUR">0.00</TtlAmt></TaxAmt></Rcrd></Tax><RmtInf><Ustrd>/INV/2025FT30F02408 30.4.2025</Ustrd></RmtInf></CdtTrfTxInf><CdtTrfTxInf><PmtId><InstrId>01-201022300026012025</InstrId><EndToEndId>2230002601</EndToEndId></PmtId><Amt><InstdAmt Ccy="EUR">21245.16</InstdAmt></Amt><CdtrAgt><FinInstnId><ClrSysMmbId><ClrSysId><Cd>PTNCC</Cd></ClrSysId><MmbId>00100000</MmbId></ClrSysMmbId><Nm>BANCO BPI SA</Nm><PstlAdr><Ctry>PT</Ctry></PstlAdr></FinInstnId><BrnchId><Id>Av. Boavista</Id></BrnchId></CdtrAgt><Cdtr><Nm>Tratave - Trat.Aguas Resid. do Ave, S.A.</Nm><PstlAdr><StrtNm>ETAR DE SERZEDELO - LUGAR DA VARZEA</StrtNm><PstCd>4765-543</PstCd><TwnNm>SERZEDELO GMR</TwnNm><Ctry>PT</Ctry></PstlAdr></Cdtr><CdtrAcct><Id><IBAN>PT50001000002035492000179</IBAN></Id><Nm>Tratave - Trat.Aguas Resid. do Ave, S.A.</Nm></CdtrAcct><Tax><Dbtr><TaxId>PT501997784</TaxId></Dbtr><RefNb>FT20250/00001004</RefNb><Dt>2025-06-03</Dt><Rcrd><Tp>WHT</Tp><TaxAmt><TaxblBaseAmt Ccy="EUR">0.00</TaxblBaseAmt><TtlAmt Ccy="EUR">0.00</TtlAmt></TaxAmt></Rcrd></Tax><RmtInf><Ustrd>/INV/FT20250/00001004 31.3.2025</Ustrd></RmtInf></CdtTrfTxInf><CdtTrfTxInf><PmtId><InstrId>01-201022300026442025</InstrId><EndToEndId>2230002644</EndToEndId></PmtId><Amt><InstdAmt Ccy="EUR">1230.00</InstdAmt></Amt><CdtrAgt><FinInstnId><ClrSysMmbId><ClrSysId><Cd>PTNCC</Cd></ClrSysId><MmbId>00070000</MmbId></ClrSysMmbId><Nm>NOVO BANCO</Nm><PstlAdr><Ctry>PT</Ctry></PstlAdr></FinInstnId><BrnchId><Id>3000-350 Coimbra</Id></BrnchId></CdtrAgt><Cdtr><Nm>NOTAS ICONICAS, LDA</Nm><PstlAdr><StrtNm>PRACA BARTOLOMEU DIAS 3DT 113</StrtNm><PstCd>2890-138</PstCd><TwnNm>ALCOCHETE</TwnNm><Ctry>PT</Ctry></PstlAdr></Cdtr><CdtrAcct><Id><IBAN>PT50000700000062631968923</IBAN></Id><Nm>NOTAS ICONICAS, LDA</Nm></CdtrAcct><Tax><Dbtr><TaxId>PT501997784</TaxId></Dbtr><RefNb>FT2025/94</RefNb><Dt>2025-06-03</Dt><Rcrd><Tp>WHT</Tp><TaxAmt><TaxblBaseAmt Ccy="EUR">0.00</TaxblBaseAmt><TtlAmt Ccy="EUR">0.00</TtlAmt></TaxAmt></Rcrd></Tax><RmtInf><Ustrd>/INV/FT2025/94 30.4.2025</Ustrd></RmtInf></CdtTrfTxInf><CdtTrfTxInf><PmtId><InstrId>01-201022300026432025</InstrId><EndToEndId>2230002643</EndToEndId></PmtId><Amt><InstdAmt Ccy="EUR">5984.69</InstdAmt></Amt><CdtrAgt><FinInstnId><ClrSysMmbId><ClrSysId><Cd>PTNCC</Cd></ClrSysId><MmbId>00330000</MmbId></ClrSysMmbId><Nm>Millenium BCP</Nm><PstlAdr><Ctry>PT</Ctry></PstlAdr></FinInstnId></CdtrAgt><Cdtr><Nm>BTS BLENDED TRAINING SERVICES LDA</Nm><PstlAdr><StrtNm>AV DR FRANCISCO DE SA CARNEIRO 5 7A</StrtNm><PstCd>2780-241</PstCd><TwnNm>OEIRAS</TwnNm><Ctry>PT</Ctry></PstlAdr></Cdtr><CdtrAcct><Id><IBAN>PT50003300004528228127505</IBAN></Id><Nm>BTS BLENDED TRAINING SERVICES LDA</Nm></CdtrAcct><Tax><Dbtr><TaxId>PT501997784</TaxId></Dbtr><RefNb>FTFA.2025/41</RefNb><Dt>2025-06-03</Dt><Rcrd><Tp>WHT</Tp><TaxAmt><TaxblBaseAmt Ccy="EUR">0.00</TaxblBaseAmt><TtlAmt Ccy="EUR">0.00</TtlAmt></TaxAmt></Rcrd></Tax><RmtInf><Ustrd>/INV/FTFA.2025/41 29.4.2025</Ustrd></RmtInf></CdtTrfTxInf><CdtTrfTxInf><PmtId><InstrId>01-201022300026422025</InstrId><EndToEndId>2230002642</EndToEndId></PmtId><Amt><InstdAmt Ccy="EUR">300.00</InstdAmt></Amt><CdtrAgt><FinInstnId><Nm>Revolut Technologies Inc</Nm><PstlAdr><Ctry>LT</Ctry></PstlAdr></FinInstnId></CdtrAgt><Cdtr><Nm>JOSE EDGAR LEAO FERREIRA DA COSTA</Nm><PstlAdr><StrtNm>RUA DA TRINDADE , 149</StrtNm><PstCd>4795-489</PstCd><TwnNm>SAO MARTINHO DO CAMPO</TwnNm><CtrySubDvsn>12</CtrySubDvsn><Ctry>PT</Ctry></PstlAdr></Cdtr><CdtrAcct><Id><IBAN>LT673250098319557860</IBAN></Id><Nm>JOSE EDGAR LEAO FERREIRA DA COSTA</Nm></CdtrAcct><Tax><Dbtr><TaxId>PT501997784</TaxId></Dbtr><RefNb>FRATSIRE01FR/13</RefNb><Dt>2025-06-03</Dt><Rcrd><Tp>WHT</Tp><TaxAmt><TaxblBaseAmt Ccy="EUR">0.00</TaxblBaseAmt><TtlAmt Ccy="EUR">0.00</TtlAmt></TaxAmt></Rcrd></Tax><RmtInf><Ustrd>/INV/FRATSIRE01FR/13 30.4.2025</Ustrd></RmtInf></CdtTrfTxInf><CdtTrfTxInf><PmtId><InstrId>01-201022300026412025</InstrId><EndToEndId>2230002641</EndToEndId></PmtId><Amt><InstdAmt Ccy="EUR">316.73</InstdAmt></Amt><CdtrAgt><FinInstnId><ClrSysMmbId><ClrSysId><Cd>PTNCC</Cd></ClrSysId><MmbId>00430001</MmbId></ClrSysMmbId><Nm>Deutsch Bank -LISBOA</Nm><PstlAdr><Ctry>PT</Ctry></PstlAdr></FinInstnId></CdtrAgt><Cdtr><Nm>COMERCIAL QUIMICA MASSO, S.A.</Nm><PstlAdr><StrtNm>RUA BANDA DE MUSICA DE MOREIRA 58</StrtNm><PstCd>4470-197</PstCd><TwnNm>MOREIRA-MAIA</TwnNm><Ctry>PT</Ctry></PstlAdr></Cdtr><CdtrAcct><Id><IBAN>PT50004300010321428680102</IBAN></Id><Nm>COMERCIAL QUIMICA MASSO, S.A.</Nm></CdtrAcct><Tax><Dbtr><TaxId>PT501997784</TaxId></Dbtr><RefNb>RV1321</RefNb><Dt>2025-06-03</Dt><Rcrd><Tp>WHT</Tp><TaxAmt><TaxblBaseAmt Ccy="EUR">0.00</TaxblBaseAmt><TtlAmt Ccy="EUR">0.00</TtlAmt></TaxAmt></Rcrd></Tax><RmtInf><Ustrd>/INV/RV1321 1.4.2025</Ustrd></RmtInf></CdtTrfTxInf><CdtTrfTxInf><PmtId><InstrId>01-201022300026402025</InstrId><EndToEndId>2230002640</EndToEndId></PmtId><Amt><InstdAmt Ccy="EUR">33792.04</InstdAmt></Amt><CdtrAgt><FinInstnId><ClrSysMmbId><ClrSysId><Cd>PTNCC</Cd></ClrSysId><MmbId>00330000</MmbId></ClrSysMmbId><Nm>Millenium BCP</Nm><PstlAdr><Ctry>PT</Ctry></PstlAdr></FinInstnId></CdtrAgt><Cdtr><Nm>CEPII - CORREOS EXPRESS PORTUGAL, SA</Nm><PstlAdr><StrtNm>RUA DE SANTO OVIDIO 21</StrtNm><PstCd>4425-379</PstCd><TwnNm>FOLGOSA - MAIA</TwnNm><Ctry>PT</Ctry></PstlAdr></Cdtr><CdtrAcct><Id><IBAN>PT50003300000000202623405</IBAN></Id><Nm>CEPII - CORREOS EXPRESS PORTUGAL, SA</Nm></CdtrAcct><Tax><Dbtr><TaxId>PT501997784</TaxId></Dbtr><RefNb>9000081662</RefNb><Dt>2025-06-03</Dt><Rcrd><Tp>WHT</Tp><TaxAmt><TaxblBaseAmt Ccy="EUR">0.00</TaxblBaseAmt><TtlAmt Ccy="EUR">0.00</TtlAmt></TaxAmt></Rcrd></Tax><RmtInf><Ustrd>/INV/9000081662 31.3.2025</Ustrd></RmtInf></CdtTrfTxInf><CdtTrfTxInf><PmtId><InstrId>01-201022300026392025</InstrId><EndToEndId>2230002639</EndToEndId></PmtId><Amt><InstdAmt Ccy="EUR">260.76</InstdAmt></Amt><CdtrAgt><FinInstnId><ClrSysMmbId><ClrSysId><Cd>PTNCC</Cd></ClrSysId><MmbId>00352179</MmbId></ClrSysMmbId><Nm>CAIXA GERAL DEPOSITOS</Nm><PstlAdr><Ctry>PT</Ctry></PstlAdr></FinInstnId><BrnchId><Id>AUTOMÁTICO</Id></BrnchId></CdtrAgt><Cdtr><Nm>MANPOWER TALENT BASED OUTSOURCING</Nm><PstlAdr><StrtNm>CENTRO EMPRESARIAL TORRES DE LIS 15</StrtNm><PstCd>1600-209</PstCd><TwnNm>LISBOA</TwnNm><Ctry>PT</Ctry></PstlAdr></Cdtr><CdtrAcct><Id><IBAN>PT50003521790001910033047</IBAN></Id><Nm>MANPOWER TALENT BASED OUTSOURCING</Nm></CdtrAcct><Tax><Dbtr><TaxId>PT501997784</TaxId></Dbtr><RefNb>FTFT25/0000922</RefNb><Dt>2025-06-03</Dt><Rcrd><Tp>WHT</Tp><TaxAmt><TaxblBaseAmt Ccy="EUR">0.00</TaxblBaseAmt><TtlAmt Ccy="EUR">0.00</TtlAmt></TaxAmt></Rcrd></Tax><RmtInf><Ustrd>/INV/FTFT25/0000922 31.3.2025</Ustrd></RmtInf></CdtTrfTxInf><CdtTrfTxInf><PmtId><InstrId>01-201022300026382025</InstrId><EndToEndId>2230002638</EndToEndId></PmtId><Amt><InstdAmt Ccy="EUR">781.73</InstdAmt></Amt><CdtrAgt><FinInstnId><ClrSysMmbId><ClrSysId><Cd>PTNCC</Cd></ClrSysId><MmbId>00330000</MmbId></ClrSysMmbId><Nm>Millenium BCP</Nm><PstlAdr><Ctry>PT</Ctry></PstlAdr></FinInstnId></CdtrAgt><Cdtr><Nm>VIAGENS EL CORTE INGLES, S.A.</Nm><PstlAdr><StrtNm>AVENIDA ANTONIO AUGUSTO DE AGUIAR 3</StrtNm><PstCd>1069-409</PstCd><TwnNm>LISBOA</TwnNm><Ctry>PT</Ctry></PstlAdr></Cdtr><CdtrAcct><Id><IBAN>PT50003300000000221354105</IBAN></Id><Nm>VIAGENS EL CORTE INGLES, S.A.</Nm></CdtrAcct><Tax><Dbtr><TaxId>PT501997784</TaxId></Dbtr><RefNb>B063/7518001577</RefNb><Dt>2025-06-03</Dt><Rcrd><Tp>WHT</Tp><TaxAmt><TaxblBaseAmt Ccy="EUR">0.00</TaxblBaseAmt><TtlAmt Ccy="EUR">0.00</TtlAmt></TaxAmt></Rcrd></Tax><RmtInf><Ustrd>/INV/B063/7518001577 31.3.2025</Ustrd></RmtInf></CdtTrfTxInf><CdtTrfTxInf><PmtId><InstrId>01-201022300026372025</InstrId><EndToEndId>2230002637</EndToEndId></PmtId><Amt><InstdAmt Ccy="EUR">4830.00</InstdAmt></Amt><CdtrAgt><FinInstnId><ClrSysMmbId><ClrSysId><Cd>PTNCC</Cd></ClrSysId><MmbId>00100000</MmbId></ClrSysMmbId><Nm>BANCO BPI SA</Nm><PstlAdr><Ctry>PT</Ctry></PstlAdr></FinInstnId><BrnchId><Id>Av. Boavista</Id></BrnchId></CdtrAgt><Cdtr><Nm>PORTOCARGO - TRANSITARIOS, S.A.</Nm><PstlAdr><StrtNm>RUA JOAQUIM DIAS SALGUEIRO 167</StrtNm><PstCd>4470-777</PstCd><TwnNm>VILA NOVA DA TELHA</TwnNm><Ctry>PT</Ctry></PstlAdr></Cdtr><CdtrAcct><Id><IBAN>PT50001000002671587000143</IBAN></Id><Nm>PORTOCARGO - TRANSITARIOS, S.A.</Nm></CdtrAcct><Tax><Dbtr><TaxId>PT501997784</TaxId></Dbtr><RefNb>S1.130573</RefNb><Dt>2025-06-03</Dt><Rcrd><Tp>WHT</Tp><TaxAmt><TaxblBaseAmt Ccy="EUR">0.00</TaxblBaseAmt><TtlAmt Ccy="EUR">0.00</TtlAmt></TaxAmt></Rcrd></Tax><RmtInf><Ustrd>/INV/S1.130573 24.3.2025/INV/S1.130659 26.3.2025</Ustrd></RmtInf></CdtTrfTxInf><CdtTrfTxInf><PmtId><InstrId>01-201022300026362025</InstrId><EndToEndId>2230002636</EndToEndId></PmtId><Amt><InstdAmt Ccy="EUR">553.50</InstdAmt></Amt><CdtrAgt><FinInstnId><ClrSysMmbId><ClrSysId><Cd>PTNCC</Cd></ClrSysId><MmbId>00350309</MmbId></ClrSysMmbId><Nm>CAIXA GERAL DE DEPOSITOS, SA</Nm><PstlAdr><Ctry>PT</Ctry></PstlAdr></FinInstnId></CdtrAgt><Cdtr><Nm>GLOBE EXPRESS, LDA</Nm><PstlAdr><StrtNm>RUA DO CURRAL 92</StrtNm><PstCd>4610-156</PstCd><TwnNm>FELGUEIRAS</TwnNm><Ctry>PT</Ctry></PstlAdr></Cdtr><CdtrAcct><Id><IBAN>PT50003503090007570403074</IBAN></Id><Nm>GLOBE EXPRESS, LDA</Nm></CdtrAcct><Tax><Dbtr><TaxId>PT501997784</TaxId></Dbtr><RefNb>FAC25/112</RefNb><Dt>2025-06-03</Dt><Rcrd><Tp>WHT</Tp><TaxAmt><TaxblBaseAmt Ccy="EUR">0.00</TaxblBaseAmt><TtlAmt Ccy="EUR">0.00</TtlAmt></TaxAmt></Rcrd></Tax><RmtInf><Ustrd>/INV/FAC25/112 31.3.2025</Ustrd></RmtInf></CdtTrfTxInf><CdtTrfTxInf><PmtId><InstrId>01-201022300026352025</InstrId><EndToEndId>2230002635</EndToEndId></PmtId><Amt><InstdAmt Ccy="EUR">199.00</InstdAmt></Amt><CdtrAgt><FinInstnId><ClrSysMmbId><ClrSysId><Cd>IENCC</Cd></ClrSysId><MmbId>900092</MmbId></ClrSysMmbId><Nm>Bank of Ireland</Nm><PstlAdr><Ctry>IE</Ctry></PstlAdr></FinInstnId></CdtrAgt><Cdtr><Nm>NR MEDIA INTELLIGENCE LIMITED TRUEHAWK</Nm><PstlAdr><StrtNm>GUINNESS ENTERPRISE CENTRE, TAYLOR</StrtNm><PstCd>D08 YE0P</PstCd><TwnNm>DUBLIN</TwnNm><CtrySubDvsn>D</CtrySubDvsn><Ctry>IE</Ctry></PstlAdr></Cdtr><CdtrAcct><Id><IBAN>IE94BOFI90009254753585</IBAN></Id><Nm>NR MEDIA INTELLIGENCE LIMITED</Nm></CdtrAcct><Tax><Dbtr><TaxId>PT501997784</TaxId></Dbtr><RefNb>SI-14841</RefNb><Dt>2025-06-03</Dt><Rcrd><Tp>WHT</Tp><TaxAmt><TaxblBaseAmt Ccy="EUR">0.00</TaxblBaseAmt><TtlAmt Ccy="EUR">0.00</TtlAmt></TaxAmt></Rcrd></Tax><RmtInf><Ustrd>/INV/SI-14841 30.4.2025</Ustrd></RmtInf></CdtTrfTxInf><CdtTrfTxInf><PmtId><InstrId>01-201022300026342025</InstrId><EndToEndId>2230002634</EndToEndId></PmtId><Amt><InstdAmt Ccy="EUR">945.03</InstdAmt></Amt><CdtrAgt><FinInstnId><ClrSysMmbId><ClrSysId><Cd>PTNCC</Cd></ClrSysId><MmbId>02690501</MmbId></ClrSysMmbId><Nm>BANKINTER, SA - SUCURSAL EM PORTUGAL - LISBOA</Nm><PstlAdr><Ctry>PT</Ctry></PstlAdr></FinInstnId></CdtrAgt><Cdtr><Nm>INNERIA SOLUTIONS PORTUGAL, LDA</Nm><PstlAdr><StrtNm>SOUSA LOPES LT MNO LJ6</StrtNm><PstCd>1600-207</PstCd><TwnNm>LISBOA</TwnNm><Ctry>PT</Ctry></PstlAdr></Cdtr><CdtrAcct><Id><IBAN>PT50026905010020501836498</IBAN></Id><Nm>INNERIA SOLUTIONS PORTUGAL, LDA</Nm></CdtrAcct><Tax><Dbtr><TaxId>PT501997784</TaxId></Dbtr><RefNb>B-PTS91-25/00168</RefNb><Dt>2025-06-03</Dt><Rcrd><Tp>WHT</Tp><TaxAmt><TaxblBaseAmt Ccy="EUR">0.00</TaxblBaseAmt><TtlAmt Ccy="EUR">0.00</TtlAmt></TaxAmt></Rcrd></Tax><RmtInf><Ustrd>/INV/B-PTS91-25/00168 31.3.2025</Ustrd></RmtInf></CdtTrfTxInf><CdtTrfTxInf><PmtId><InstrId>01-201022300026332025</InstrId><EndToEndId>2230002633</EndToEndId></PmtId><Amt><InstdAmt Ccy="EUR">206.34</InstdAmt></Amt><CdtrAgt><FinInstnId><ClrSysMmbId><ClrSysId><Cd>PTNCC</Cd></ClrSysId><MmbId>00180003</MmbId></ClrSysMmbId><Nm>BANCO SANTANDER TOTTA, SA</Nm><PstlAdr><Ctry>PT</Ctry></PstlAdr></FinInstnId></CdtrAgt><Cdtr><Nm>LINGUAEMUNDI LANGUAGE SERVICES, LDA.</Nm><PstlAdr><StrtNm>RUA DOS CAMILOS 426</StrtNm><PstCd>5050-272</PstCd><TwnNm>PESO DA REGUA</TwnNm><Ctry>PT</Ctry></PstlAdr></Cdtr><CdtrAcct><Id><IBAN>PT50001800035240970302038</IBAN></Id><Nm>LINGUAEMUNDI LANGUAGE SERVICES, LDA.</Nm></CdtrAcct><Tax><Dbtr><TaxId>PT501997784</TaxId></Dbtr><RefNb>FT2025A15/107</RefNb><Dt>2025-06-03</Dt><Rcrd><Tp>WHT</Tp><TaxAmt><TaxblBaseAmt Ccy="EUR">0.00</TaxblBaseAmt><TtlAmt Ccy="EUR">0.00</TtlAmt></TaxAmt></Rcrd></Tax><RmtInf><Ustrd>/INV/FT2025A15/107 26.3.2025</Ustrd></RmtInf></CdtTrfTxInf><CdtTrfTxInf><PmtId><InstrId>01-201022300026322025</InstrId><EndToEndId>2230002632</EndToEndId></PmtId><Amt><InstdAmt Ccy="EUR">3775.00</InstdAmt></Amt><CdtrAgt><FinInstnId><ClrSysMmbId><ClrSysId><Cd>IENCC</Cd></ClrSysId><MmbId>900754</MmbId></ClrSysMmbId><Nm>Bank of Ireland</Nm><PstlAdr><Ctry>IE</Ctry></PstlAdr></FinInstnId></CdtrAgt><Cdtr><Nm>UNIQUE MEDIA LTD</Nm><PstlAdr><StrtNm>CATHEDRAL COURT, NEW ST S, THE LIBE</StrtNm><PstCd>DO8 YC63</PstCd><TwnNm>DUBLIN</TwnNm><Ctry>IE</Ctry></PstlAdr></Cdtr><CdtrAcct><Id><IBAN>IE17BOFI90075443907868</IBAN></Id><Nm>UNIQUE MEDIA LTD</Nm></CdtrAcct><Tax><Dbtr><TaxId>PT501997784</TaxId></Dbtr><RefNb>SI-5504</RefNb><Dt>2025-06-03</Dt><Rcrd><Tp>WHT</Tp><TaxAmt><TaxblBaseAmt Ccy="EUR">0.00</TaxblBaseAmt><TtlAmt Ccy="EUR">0.00</TtlAmt></TaxAmt></Rcrd></Tax><RmtInf><Ustrd>/INV/SI-5504 25.4.2025</Ustrd></RmtInf></CdtTrfTxInf><CdtTrfTxInf><PmtId><InstrId>01-201022300026312025</InstrId><EndToEndId>2230002631</EndToEndId></PmtId><Amt><InstdAmt Ccy="EUR">913.15</InstdAmt></Amt><CdtrAgt><FinInstnId><ClrSysMmbId><ClrSysId><Cd>PTNCC</Cd></ClrSysId><MmbId>00451281</MmbId></ClrSysMmbId><Nm>CAIXA CENTRAL DE CREDITO AGRICOLA MUTUO</Nm><PstlAdr><Ctry>PT</Ctry></PstlAdr></FinInstnId></CdtrAgt><Cdtr><Nm>COSTA VIEIRA E SANTOS, LDA</Nm><PstlAdr><StrtNm>RUA DO MIRADOURO, N(o) 19</StrtNm><PstCd>4760-502</PstCd><TwnNm>GONDIFELOS - VILA NOVA FAMALICAO</TwnNm><Ctry>PT</Ctry></PstlAdr></Cdtr><CdtrAcct><Id><IBAN>PT50004512814036966020343</IBAN></Id><Nm>COSTA VIEIRA E SANTOS, LDA</Nm></CdtrAcct><Tax><Dbtr><TaxId>PT501997784</TaxId></Dbtr><RefNb>FT2024/34</RefNb><Dt>2025-06-03</Dt><Rcrd><Tp>WHT</Tp><TaxAmt><TaxblBaseAmt Ccy="EUR">0.00</TaxblBaseAmt><TtlAmt Ccy="EUR">0.00</TtlAmt></TaxAmt></Rcrd></Tax><RmtInf><Ustrd>/INV/FT2024/34 22.4.2025</Ustrd></RmtInf></CdtTrfTxInf><CdtTrfTxInf><PmtId><InstrId>01-201022300026302025</InstrId><EndToEndId>2230002630</EndToEndId></PmtId><Amt><InstdAmt Ccy="EUR">3345.60</InstdAmt></Amt><CdtrAgt><FinInstnId><ClrSysMmbId><ClrSysId><Cd>PTNCC</Cd></ClrSysId><MmbId>00340109</MmbId></ClrSysMmbId><Nm>BNP PARIBAS</Nm><PstlAdr><Ctry>PT</Ctry></PstlAdr></FinInstnId></CdtrAgt><Cdtr><Nm>INTERTEK PORTUGAL UNIPESSOAL,LDA</Nm><PstlAdr><StrtNm>RUA ANTERO DE QUENTAL 221, SALA 102</StrtNm><PstCd>4455-586</PstCd><TwnNm>PERAFITA</TwnNm><CtrySubDvsn>13</CtrySubDvsn><Ctry>PT</Ctry></PstlAdr></Cdtr><CdtrAcct><Id><IBAN>PT50003401090106484016777</IBAN></Id><Nm>INTERTEK PORTUGAL UNIPESSOAL,LDA</Nm></CdtrAcct><Tax><Dbtr><TaxId>PT501997784</TaxId></Dbtr><RefNb>FT11/9992</RefNb><Dt>2025-06-03</Dt><Rcrd><Tp>WHT</Tp><TaxAmt><TaxblBaseAmt Ccy="EUR">0.00</TaxblBaseAmt><TtlAmt Ccy="EUR">0.00</TtlAmt></TaxAmt></Rcrd></Tax><RmtInf><Ustrd>/INV/FT11/9992 23.4.2025/INV/FT11/10028 30.4.2025/INV/FT11/10026 30.4.2025/INV/FT11/10027 30.4.2025</Ustrd></RmtInf></CdtTrfTxInf><CdtTrfTxInf><PmtId><InstrId>01-201022300026292025</InstrId><EndToEndId>2230002629</EndToEndId></PmtId><Amt><InstdAmt Ccy="EUR">274.54</InstdAmt></Amt><CdtrAgt><FinInstnId><ClrSysMmbId><ClrSysId><Cd>PTNCC</Cd></ClrSysId><MmbId>00180003</MmbId></ClrSysMmbId><Nm>BANCO SANTANDER TOTTA, SA</Nm><PstlAdr><Ctry>PT</Ctry></PstlAdr></FinInstnId></CdtrAgt><Cdtr><Nm>POLYWASSER TECHNOLOGIES</Nm><PstlAdr><StrtNm>RUA 8 DE DEZEMBRO N(o)334</StrtNm><PstCd>4760-016</PstCd><TwnNm>ANTAS E VERMOIM / VN FAMALICAO</TwnNm><Ctry>PT</Ctry></PstlAdr></Cdtr><CdtrAcct><Id><IBAN>PT50001800034810233902067</IBAN></Id><Nm>POLYWASSER TECHNOLOGIES</Nm></CdtrAcct><Tax><Dbtr><TaxId>PT501997784</TaxId></Dbtr><RefNb>12500/000122</RefNb><Dt>2025-06-03</Dt><Rcrd><Tp>WHT</Tp><TaxAmt><TaxblBaseAmt Ccy="EUR">0.00</TaxblBaseAmt><TtlAmt Ccy="EUR">0.00</TtlAmt></TaxAmt></Rcrd></Tax><RmtInf><Ustrd>/INV/12500/000122 2.3.2025</Ustrd></RmtInf></CdtTrfTxInf><CdtTrfTxInf><PmtId><InstrId>01-201022300026282025</InstrId><EndToEndId>2230002628</EndToEndId></PmtId><Amt><InstdAmt Ccy="EUR">3600.00</InstdAmt></Amt><CdtrAgt><FinInstnId><Nm>SOCIETE GENERALE S A</Nm><PstlAdr><Ctry>FR</Ctry></PstlAdr></FinInstnId></CdtrAgt><Cdtr><Nm>NOMAD RP</Nm><PstlAdr><StrtNm>7 RUE MIRABEAU</StrtNm><PstCd>75016</PstCd><TwnNm>PARIS</TwnNm><Ctry>FR</Ctry></PstlAdr></Cdtr><CdtrAcct><Id><IBAN>FR7630003031100002007949232</IBAN></Id><Nm>NOMAD RP</Nm></CdtrAcct><Tax><Dbtr><TaxId>PT501997784</TaxId></Dbtr><RefNb>FAC00001381</RefNb><Dt>2025-06-03</Dt><Rcrd><Tp>WHT</Tp><TaxAmt><TaxblBaseAmt Ccy="EUR">0.00</TaxblBaseAmt><TtlAmt Ccy="EUR">0.00</TtlAmt></TaxAmt></Rcrd></Tax><RmtInf><Ustrd>/INV/FAC00001381 1.5.2025</Ustrd></RmtInf></CdtTrfTxInf><CdtTrfTxInf><PmtId><InstrId>01-201022300026272025</InstrId><EndToEndId>2230002627</EndToEndId></PmtId><Amt><InstdAmt Ccy="EUR">66262.20</InstdAmt></Amt><CdtrAgt><FinInstnId><ClrSysMmbId><ClrSysId><Cd>GBDSC</Cd></ClrSysId><MmbId>165050</MmbId></ClrSysMmbId><Nm>BANK OF AMERIA, NA</Nm><PstlAdr><Ctry>GB</Ctry></PstlAdr></FinInstnId></CdtrAgt><Cdtr><Nm>RTS INTERNATIONAL, INC.</Nm><PstlAdr><StrtNm>9300 METCALF AVE, OVERLAND PARK</StrtNm><PstCd>66212</PstCd><Ctry>US</Ctry></PstlAdr></Cdtr><CdtrAcct><Id><IBAN>GB24BOFA16505053916022</IBAN></Id><Nm>RTS INTERNATIONAL, INC.</Nm></CdtrAcct><UltmtCdtr><Nm>ESSTEE EXPORTS INDIA PRIVATE LIMITE</Nm><PstlAdr><StrtNm>POOLUVAPATTI POST P.N.ROAD, PGV GARDEN,</StrtNm><BldgNb>8/131</BldgNb><PstCd>641602</PstCd><TwnNm>Tiruppur</TwnNm><CtrySubDvsn>22</CtrySubDvsn><Ctry>IN</Ctry></PstlAdr></UltmtCdtr><Tax><Dbtr><TaxId>PT501997784</TaxId></Dbtr><RefNb>EE/EXP/565/24-25</RefNb><Dt>2025-06-03</Dt><Rcrd><Tp>WHT</Tp><TaxAmt><TaxblBaseAmt Ccy="EUR">0.00</TaxblBaseAmt><TtlAmt Ccy="EUR">0.00</TtlAmt></TaxAmt></Rcrd></Tax><RmtInf><Ustrd>/FOR/ESSTEE EXPORTS INDIA PRIVAT/INV/EE/EXP/565/24-25 22.2.2025/INV/EE/EXP/566/24-25 22.2.2025/INV/EE/EXP/563/24-25 20.2.2025</Ustrd></RmtInf></CdtTrfTxInf><CdtTrfTxInf><PmtId><InstrId>01-201022300026262025</InstrId><EndToEndId>2230002626</EndToEndId></PmtId><Amt><InstdAmt Ccy="EUR">385.20</InstdAmt></Amt><CdtrAgt><FinInstnId><ClrSysMmbId><ClrSysId><Cd>PTNCC</Cd></ClrSysId><MmbId>00182160</MmbId></ClrSysMmbId><Nm>SANTANDER TOTTA</Nm><PstlAdr><Ctry>PT</Ctry></PstlAdr></FinInstnId></CdtrAgt><Cdtr><Nm>XBS-LOG TRANSITARIOS, LDA</Nm><PstlAdr><StrtNm>EN 107 TERM TIR DO FREIXIEIRO ED3 3</StrtNm><PstCd>4455-496</PstCd><TwnNm>PERAFITA</TwnNm><Ctry>PT</Ctry></PstlAdr></Cdtr><CdtrAcct><Id><IBAN>PT50001821600376285902082</IBAN></Id><Nm>XBS-LOG TRANSITARIOS, LDA</Nm></CdtrAcct><Tax><Dbtr><TaxId>PT501997784</TaxId></Dbtr><RefNb>FT11/151005</RefNb><Dt>2025-06-03</Dt><Rcrd><Tp>WHT</Tp><TaxAmt><TaxblBaseAmt Ccy="EUR">0.00</TaxblBaseAmt><TtlAmt Ccy="EUR">0.00</TtlAmt></TaxAmt></Rcrd></Tax><RmtInf><Ustrd>/INV/FT11/151005 31.3.2025/INV/FT11/150998 31.3.2025</Ustrd></RmtInf></CdtTrfTxInf><CdtTrfTxInf><PmtId><InstrId>01-201022300026252025</InstrId><EndToEndId>2230002625</EndToEndId></PmtId><Amt><InstdAmt Ccy="EUR">3500.00</InstdAmt></Amt><CdtrAgt><FinInstnId><ClrSysMmbId><ClrSysId><Cd>ESNCC</Cd></ClrSysId><MmbId>21000419</MmbId></ClrSysMmbId><Nm>CAIXABANK, S.A.</Nm><PstlAdr><Ctry>ES</Ctry></PstlAdr></FinInstnId></CdtrAgt><Cdtr><Nm>MARIA VICTORIA LARRODE RODRIGUEZ</Nm><PstlAdr><StrtNm>AVENIDA DIAGONAL, 405, 1-2</StrtNm><PstCd>08008</PstCd><TwnNm>BARCELONA</TwnNm><Ctry>ES</Ctry></PstlAdr></Cdtr><CdtrAcct><Id><IBAN>ES7821000419990200701098</IBAN></Id><Nm>MARIA VICTORIA LARRODE RODRIGUEZ</Nm></CdtrAcct><Tax><Dbtr><TaxId>PT501997784</TaxId></Dbtr><RefNb>2025-27</RefNb><Dt>2025-06-03</Dt><Rcrd><Tp>WHT</Tp><TaxAmt><TaxblBaseAmt Ccy="EUR">0.00</TaxblBaseAmt><TtlAmt Ccy="EUR">0.00</TtlAmt></TaxAmt></Rcrd></Tax><RmtInf><Ustrd>/INV/2025-27 29.4.2025</Ustrd></RmtInf></CdtTrfTxInf><CdtTrfTxInf><PmtId><InstrId>01-201022300026242025</InstrId><EndToEndId>2230002624</EndToEndId></PmtId><Amt><InstdAmt Ccy="EUR">149.00</InstdAmt></Amt><CdtrAgt><FinInstnId><ClrSysMmbId><ClrSysId><Cd>PTNCC</Cd></ClrSysId><MmbId>00451211</MmbId></ClrSysMmbId><Nm>CAIXA CENTRAL DE CREDITO AGRICOLA MUTUO</Nm><PstlAdr><Ctry>PT</Ctry></PstlAdr></FinInstnId></CdtrAgt><Cdtr><Nm>MARTA SOFIA DA COSTA MOREIRA</Nm><PstlAdr><StrtNm>RUA DE SANTA ANA, 29 - LAGOA</StrtNm><PstCd>4785-568</PstCd><TwnNm>TROFA</TwnNm><Ctry>PT</Ctry></PstlAdr></Cdtr><CdtrAcct><Id><IBAN>PT50004512114026532176720</IBAN></Id><Nm>MARTA SOFIA DA COSTA MOREIRA</Nm></CdtrAcct><Tax><Dbtr><TaxId>PT501997784</TaxId></Dbtr><RefNb>A/0254</RefNb><Dt>2025-06-03</Dt><Rcrd><Tp>WHT</Tp><TaxAmt><TaxblBaseAmt Ccy="EUR">0.00</TaxblBaseAmt><TtlAmt Ccy="EUR">0.00</TtlAmt></TaxAmt></Rcrd></Tax><RmtInf><Ustrd>/INV/A/0254 29.4.2025</Ustrd></RmtInf></CdtTrfTxInf><CdtTrfTxInf><PmtId><InstrId>01-201022300026232025</InstrId><EndToEndId>2230002623</EndToEndId></PmtId><Amt><InstdAmt Ccy="EUR">4048.90</InstdAmt></Amt><CdtrAgt><FinInstnId><ClrSysMmbId><ClrSysId><Cd>ESNCC</Cd></ClrSysId><MmbId>00190459</MmbId></ClrSysMmbId><Nm>DEUTSCHE BANK SOCIEDAD ANONIMA ESPANOLA</Nm><PstlAdr><Ctry>ES</Ctry></PstlAdr></FinInstnId></CdtrAgt><Cdtr><Nm>MANIQUIES SEMPERE, S.L.</Nm><PstlAdr><StrtNm>PG. INDUSTRIAL 2(o) C/COCENTAINA, 1</StrtNm><PstCd>03420</PstCd><TwnNm>CASTALLA</TwnNm><Ctry>ES</Ctry></PstlAdr></Cdtr><CdtrAcct><Id><IBAN>ES8400190459684010004593</IBAN></Id><Nm>MANIQUIES SEMPERE, S.L.</Nm></CdtrAcct><Tax><Dbtr><TaxId>PT501997784</TaxId></Dbtr><RefNb>47243/2025</RefNb><Dt>2025-06-03</Dt><Rcrd><Tp>WHT</Tp><TaxAmt><TaxblBaseAmt Ccy="EUR">0.00</TaxblBaseAmt><TtlAmt Ccy="EUR">0.00</TtlAmt></TaxAmt></Rcrd></Tax><RmtInf><Ustrd>/INV/47243/2025 25.3.2025/INV/47259/2025 25.3.2025</Ustrd></RmtInf></CdtTrfTxInf><CdtTrfTxInf><PmtId><InstrId>01-201022300026002025</InstrId><EndToEndId>2230002600</EndToEndId></PmtId><Amt><InstdAmt Ccy="EUR">388.00</InstdAmt></Amt><CdtrAgt><FinInstnId><ClrSysMmbId><ClrSysId><Cd>PTNCC</Cd></ClrSysId><MmbId>00100000</MmbId></ClrSysMmbId><Nm>BANCO BPI SA</Nm><PstlAdr><Ctry>PT</Ctry></PstlAdr></FinInstnId><BrnchId><Id>Av. Boavista</Id></BrnchId></CdtrAgt><Cdtr><Nm>Cidnai - Hotelaria Turismo, S.A.</Nm><PstlAdr><StrtNm>PRACA DO MUNICIPIO, APARTADO 232</StrtNm><PstCd>4784-909</PstCd><TwnNm>SANTO TIRSO</TwnNm><Ctry>PT</Ctry></PstlAdr></Cdtr><CdtrAcct><Id><IBAN>PT50001000000269031000114</IBAN></Id><Nm>Cidnai - Hotelaria Turismo, S.A.</Nm></CdtrAcct><Tax><Dbtr><TaxId>PT501997784</TaxId></Dbtr><RefNb>F25/410</RefNb><Dt>2025-06-03</Dt><Rcrd><Tp>WHT</Tp><TaxAmt><TaxblBaseAmt Ccy="EUR">0.00</TaxblBaseAmt><TtlAmt Ccy="EUR">0.00</TtlAmt></TaxAmt></Rcrd></Tax><RmtInf><Ustrd>/INV/F25/410 24.4.2025/INV/F25/420 30.4.2025</Ustrd></RmtInf></CdtTrfTxInf><CdtTrfTxInf><PmtId><InstrId>01-201022300025772025</InstrId><EndToEndId>2230002577</EndToEndId></PmtId><Amt><InstdAmt Ccy="EUR">2043.30</InstdAmt></Amt><CdtrAgt><FinInstnId><ClrSysMmbId><ClrSysId><Cd>PTNCC</Cd></ClrSysId><MmbId>00100000</MmbId></ClrSysMmbId><Nm>BANCO BPI SA</Nm><PstlAdr><Ctry>PT</Ctry></PstlAdr></FinInstnId><BrnchId><Id>Av. Boavista</Id></BrnchId></CdtrAgt><Cdtr><Nm>MONICA PATRICIA VIEIRA GONCALVES</Nm><PstlAdr><StrtNm>RUA DA BOAVISTA N(o) 29 FRAIAO BRAGA</StrtNm><PstCd>4715-179</PstCd><TwnNm>BRAGA</TwnNm><Ctry>PT</Ctry></PstlAdr></Cdtr><CdtrAcct><Id><IBAN>PT50001000005267007000192</IBAN></Id><Nm>MONICA PATRICIA VIEIRA GONCALVES</Nm></CdtrAcct><Tax><Dbtr><TaxId>PT501997784</TaxId></Dbtr><RefNb>FRATSIRE01FR/5</RefNb><Dt>2025-06-03</Dt><Rcrd><Tp>WHT</Tp><TaxAmt><TaxblBaseAmt Ccy="EUR">0.00</TaxblBaseAmt><TtlAmt Ccy="EUR">0.00</TtlAmt></TaxAmt></Rcrd></Tax><RmtInf><Ustrd>/INV/FRATSIRE01FR/5 24.3.2025</Ustrd></RmtInf></CdtTrfTxInf><CdtTrfTxInf><PmtId><InstrId>01-201022300025762025</InstrId><EndToEndId>2230002576</EndToEndId></PmtId><Amt><InstdAmt Ccy="EUR">3454.27</InstdAmt></Amt><CdtrAgt><FinInstnId><ClrSysMmbId><ClrSysId><Cd>PTNCC</Cd></ClrSysId><MmbId>00180003</MmbId></ClrSysMmbId><Nm>BANCO SANTANDER TOTTA, SA</Nm><PstlAdr><Ctry>PT</Ctry></PstlAdr></FinInstnId></CdtrAgt><Cdtr><Nm>HELENA MARIA PEREIRA UNIPESSOAL LDA HELENA M P UNIPESSOAL LDA</Nm><PstlAdr><StrtNm>RUA DO PARQUE DESPORTIVO N.(o) 91 SAO</StrtNm><PstCd>4750-361</PstCd><TwnNm>BARCELOS</TwnNm><Ctry>PT</Ctry></PstlAdr></Cdtr><CdtrAcct><Id><IBAN>PT50001800034269047902009</IBAN></Id><Nm>HELENA MARIA PEREIRA UNIPESSOAL LDA</Nm></CdtrAcct><Tax><Dbtr><TaxId>PT501997784</TaxId></Dbtr><RefNb>FT1/42308</RefNb><Dt>2025-06-03</Dt><Rcrd><Tp>WHT</Tp><TaxAmt><TaxblBaseAmt Ccy="EUR">0.00</TaxblBaseAmt><TtlAmt Ccy="EUR">0.00</TtlAmt></TaxAmt></Rcrd></Tax><RmtInf><Ustrd>/ADV/2230002576 3.6.2025</Ustrd></RmtInf></CdtTrfTxInf><CdtTrfTxInf><PmtId><InstrId>01-201022300025752025</InstrId><EndToEndId>2230002575</EndToEndId></PmtId><Amt><InstdAmt Ccy="EUR">12449.44</InstdAmt></Amt><CdtrAgt><FinInstnId><ClrSysMmbId><ClrSysId><Cd>PTNCC</Cd></ClrSysId><MmbId>00330000</MmbId></ClrSysMmbId><Nm>Millenium BCP</Nm><PstlAdr><Ctry>PT</Ctry></PstlAdr></FinInstnId></CdtrAgt><Cdtr><Nm>BANCO COMERCIAL PORTUGUES, SA MILLENNIUM BCP FACTORING</Nm><PstlAdr><StrtNm>R INSTITUTO IND,N7-2A</StrtNm><PstCd>1249-006</PstCd><TwnNm>LISBOA</TwnNm><Ctry>PT</Ctry></PstlAdr></Cdtr><CdtrAcct><Id><IBAN>PT50003300000000122646905</IBAN></Id><Nm>BANCO COMERCIAL PORTUGUES, SA</Nm></CdtrAcct><UltmtCdtr><Nm>SIGN - IMPRESSAO EM GRANDE FORMATO,</Nm><PstlAdr><StrtNm>E ENG JOAO TLLONE 119,6132</StrtNm><PstCd>4470-516</PstCd><TwnNm>MAIA</TwnNm><Ctry>PT</Ctry></PstlAdr></UltmtCdtr><Tax><Dbtr><TaxId>PT501997784</TaxId></Dbtr><RefNb>FT25A/250579</RefNb><Dt>2025-06-03</Dt><Rcrd><Tp>WHT</Tp><TaxAmt><TaxblBaseAmt Ccy="EUR">0.00</TaxblBaseAmt><TtlAmt Ccy="EUR">0.00</TtlAmt></TaxAmt></Rcrd></Tax><RmtInf><Ustrd>/FOR/SIGN - IMPRESSAO EM GRANDE/INV/FT25A/250579 24.3.2025/INV/FT25A/250646 1.4.2025/INV/FT25A/250645 1.4.2025</Ustrd></RmtInf></CdtTrfTxInf><CdtTrfTxInf><PmtId><InstrId>01-201022300025742025</InstrId><EndToEndId>2230002574</EndToEndId></PmtId><Amt><InstdAmt Ccy="EUR">474.60</InstdAmt></Amt><CdtrAgt><FinInstnId><ClrSysMmbId><ClrSysId><Cd>PTNCC</Cd></ClrSysId><MmbId>00100000</MmbId></ClrSysMmbId><Nm>BANCO BPI SA</Nm><PstlAdr><Ctry>PT</Ctry></PstlAdr></FinInstnId><BrnchId><Id>Av. Boavista</Id></BrnchId></CdtrAgt><Cdtr><Nm>JET COOLER-AGUAS,CAFES,SA</Nm><PstlAdr><StrtNm>EST ALBARRAQUE, NR 9 FRACAO I</StrtNm><PstCd>2710-297</PstCd><TwnNm>SINTRA</TwnNm><Ctry>PT</Ctry></PstlAdr></Cdtr><CdtrAcct><Id><IBAN>PT50001000003307420000197</IBAN></Id><Nm>JET COOLER-AGUAS,CAFES,SA</Nm></CdtrAcct><Tax><Dbtr><TaxId>PT501997784</TaxId></Dbtr><RefNb>P-021474/2025</RefNb><Dt>2025-06-03</Dt><Rcrd><Tp>WHT</Tp><TaxAmt><TaxblBaseAmt Ccy="EUR">0.00</TaxblBaseAmt><TtlAmt Ccy="EUR">0.00</TtlAmt></TaxAmt></Rcrd></Tax><RmtInf><Ustrd>/INV/P-021474/2025 31.3.2025</Ustrd></RmtInf></CdtTrfTxInf><CdtTrfTxInf><PmtId><InstrId>01-201022300025732025</InstrId><EndToEndId>2230002573</EndToEndId></PmtId><Amt><InstdAmt Ccy="EUR">86.10</InstdAmt></Amt><CdtrAgt><FinInstnId><ClrSysMmbId><ClrSysId><Cd>PTNCC</Cd></ClrSysId><MmbId>00330000</MmbId></ClrSysMmbId><Nm>Millenium BCP</Nm><PstlAdr><Ctry>PT</Ctry></PstlAdr></FinInstnId></CdtrAgt><Cdtr><Nm>FEDEX EXPRESS PORTUGAL, UNIPESSOAL LDA</Nm><PstlAdr><StrtNm>RUA DO MAR DA CHINA, EDIFICIO 3 2A</StrtNm><PstCd>1990-138</PstCd><TwnNm>LISBOA</TwnNm><Ctry>PT</Ctry></PstlAdr></Cdtr><CdtrAcct><Id><IBAN>PT50003300000027492991405</IBAN></Id><Nm>FEDEX EXPRESS PORTUGAL, UNIPESSOAL LDA</Nm></CdtrAcct><Tax><Dbtr><TaxId>PT501997784</TaxId></Dbtr><RefNb>FT300/884114</RefNb><Dt>2025-06-03</Dt><Rcrd><Tp>WHT</Tp><TaxAmt><TaxblBaseAmt Ccy="EUR">0.00</TaxblBaseAmt><TtlAmt Ccy="EUR">0.00</TtlAmt></TaxAmt></Rcrd></Tax><RmtInf><Ustrd>/INV/FT300/884114 26.3.2025/INV/FT300/877866 24.3.2025</Ustrd></RmtInf></CdtTrfTxInf><CdtTrfTxInf><PmtId><InstrId>01-201022300025722025</InstrId><EndToEndId>2230002572</EndToEndId></PmtId><Amt><InstdAmt Ccy="EUR">2296.84</InstdAmt></Amt><CdtrAgt><FinInstnId><ClrSysMmbId><ClrSysId><Cd>PTNCC</Cd></ClrSysId><MmbId>00352012</MmbId></ClrSysMmbId><Nm>CAIXA GERAL DEPOSITOS</Nm><PstlAdr><Ctry>PT</Ctry></PstlAdr></FinInstnId><BrnchId><Id>AUTOMÁTICO</Id></BrnchId></CdtrAgt><Cdtr><Nm>TORRESTIR -TRANSPORTES NACIONAIS E INTERNACIONAIS S A</Nm><PstlAdr><StrtNm>PQ COMERCIAL 91</StrtNm><PstCd>4701-888</PstCd><TwnNm>BRAGA</TwnNm><Ctry>PT</Ctry></PstlAdr></Cdtr><CdtrAcct><Id><IBAN>PT50003520120003186853051</IBAN></Id><Nm>TORRESTIR -TRANSPORTES NACIONAIS E INTERNACIONAIS S A</Nm></CdtrAcct><Tax><Dbtr><TaxId>PT501997784</TaxId></Dbtr><RefNb>058158/250000117</RefNb><Dt>2025-06-03</Dt><Rcrd><Tp>WHT</Tp><TaxAmt><TaxblBaseAmt Ccy="EUR">0.00</TaxblBaseAmt><TtlAmt Ccy="EUR">0.00</TtlAmt></TaxAmt></Rcrd></Tax><RmtInf><Ustrd>/INV/058158/250000117 31.3.2025/INV/000100/250014043 31.3.2025/INV/058158/250000063 28.2.2025</Ustrd></RmtInf></CdtTrfTxInf><CdtTrfTxInf><PmtId><InstrId>01-201022300025712025</InstrId><EndToEndId>2230002571</EndToEndId></PmtId><Amt><InstdAmt Ccy="EUR">3879.84</InstdAmt></Amt><CdtrAgt><FinInstnId><ClrSysMmbId><ClrSysId><Cd>PTNCC</Cd></ClrSysId><MmbId>00350103</MmbId></ClrSysMmbId><Nm>CAIXA GERAL DEPOSITOS</Nm><PstlAdr><Ctry>PT</Ctry></PstlAdr></FinInstnId><BrnchId><Id>AREOSA</Id></BrnchId></CdtrAgt><Cdtr><Nm>PLAN2U LDA</Nm><PstlAdr><StrtNm>RUA D. AFONSO HENRIQUES, 672, 1(o) DT</StrtNm><PstCd>4435-006</PstCd><TwnNm>RIO TINTO</TwnNm><Ctry>PT</Ctry></PstlAdr></Cdtr><CdtrAcct><Id><IBAN>PT50003501030003508793064</IBAN></Id><Nm>PLAN2U LDA</Nm></CdtrAcct><Tax><Dbtr><TaxId>PT501997784</TaxId></Dbtr><RefNb>FT2025/62</RefNb><Dt>2025-06-03</Dt><Rcrd><Tp>WHT</Tp><TaxAmt><TaxblBaseAmt Ccy="EUR">0.00</TaxblBaseAmt><TtlAmt Ccy="EUR">0.00</TtlAmt></TaxAmt></Rcrd></Tax><RmtInf><Ustrd>/INV/FT2025/62 31.3.2025</Ustrd></RmtInf></CdtTrfTxInf><CdtTrfTxInf><PmtId><InstrId>01-201022300025702025</InstrId><EndToEndId>2230002570</EndToEndId></PmtId><Amt><InstdAmt Ccy="EUR">2017.20</InstdAmt></Amt><CdtrAgt><FinInstnId><ClrSysMmbId><ClrSysId><Cd>PTNCC</Cd></ClrSysId><MmbId>00790000</MmbId></ClrSysMmbId><Nm>BANCO BIC PORTUGUES, S.A.</Nm><PstlAdr><Ctry>PT</Ctry></PstlAdr></FinInstnId><BrnchId><Id>Mirandela</Id></BrnchId></CdtrAgt><Cdtr><Nm>WE ARE MODELS, LDA WE ARE MODELS</Nm><PstlAdr><StrtNm>RUA VITOR BASTOS N(o)45 LISBOA</StrtNm><PstCd>1070-283</PstCd><TwnNm>LISBOA</TwnNm><Ctry>PT</Ctry></PstlAdr></Cdtr><CdtrAcct><Id><IBAN>PT50007900006938336810111</IBAN></Id><Nm>WE ARE MODELS, LDA</Nm></CdtrAcct><Tax><Dbtr><TaxId>PT501997784</TaxId></Dbtr><RefNb>1/FT2025A1/112</RefNb><Dt>2025-06-03</Dt><Rcrd><Tp>WHT</Tp><TaxAmt><TaxblBaseAmt Ccy="EUR">0.00</TaxblBaseAmt><TtlAmt Ccy="EUR">0.00</TtlAmt></TaxAmt></Rcrd></Tax><RmtInf><Ustrd>/INV/1/FT2025A1/112 30.4.2025</Ustrd></RmtInf></CdtTrfTxInf><CdtTrfTxInf><PmtId><InstrId>01-201022300025692025</InstrId><EndToEndId>2230002569</EndToEndId></PmtId><Amt><InstdAmt Ccy="EUR">132.14</InstdAmt></Amt><CdtrAgt><FinInstnId><ClrSysMmbId><ClrSysId><Cd>PTNCC</Cd></ClrSysId><MmbId>00330000</MmbId></ClrSysMmbId><Nm>Millenium BCP</Nm><PstlAdr><Ctry>PT</Ctry></PstlAdr></FinInstnId></CdtrAgt><Cdtr><Nm>BANCO COMERCIAL PORTUGUES, SA MILLENNIUM BCP FACTORING</Nm><PstlAdr><StrtNm>R INSTITUTO IND,N7-2A</StrtNm><PstCd>1249-006</PstCd><TwnNm>LISBOA</TwnNm><Ctry>PT</Ctry></PstlAdr></Cdtr><CdtrAcct><Id><IBAN>PT50003300000000122646905</IBAN></Id><Nm>BANCO COMERCIAL PORTUGUES, SA</Nm></CdtrAcct><UltmtCdtr><Nm>RONACA UNIPESSOAL, LDA</Nm><PstlAdr><StrtNm>EDIFICIO CERVEIRA LOJA 17-18 QUINTA</StrtNm><PstCd>4920-245</PstCd><TwnNm>VILA NOVA CERVEIRA</TwnNm><Ctry>PT</Ctry></PstlAdr></UltmtCdtr><Tax><Dbtr><TaxId>PT501997784</TaxId></Dbtr><RefNb>FACT1SEC125/251</RefNb><Dt>2025-06-03</Dt><Rcrd><Tp>WHT</Tp><TaxAmt><TaxblBaseAmt Ccy="EUR">0.00</TaxblBaseAmt><TtlAmt Ccy="EUR">0.00</TtlAmt></TaxAmt></Rcrd></Tax><RmtInf><Ustrd>/FOR/RONACA UNIPESSOAL, LDA VILA/INV/FACT1SEC125/251 1.4.2025/INV/FACT1SEC125/16 9.1.2025</Ustrd></RmtInf></CdtTrfTxInf><CdtTrfTxInf><PmtId><InstrId>01-201022300025682025</InstrId><EndToEndId>2230002568</EndToEndId></PmtId><Amt><InstdAmt Ccy="EUR">12182.09</InstdAmt></Amt><CdtrAgt><FinInstnId><ClrSysMmbId><ClrSysId><Cd>PTNCC</Cd></ClrSysId><MmbId>00070604</MmbId></ClrSysMmbId><Nm>NOVO BANCO</Nm><PstlAdr><Ctry>PT</Ctry></PstlAdr></FinInstnId><BrnchId><Id>Toural-Guimarães</Id></BrnchId></CdtrAgt><Cdtr><Nm>SEBASTIAO E MARTINS SA</Nm><PstlAdr><StrtNm>AV ST TIRSO N(o)686 GUIMARAES</StrtNm><PstCd>4800-937</PstCd><TwnNm>SANTO TIRSO PRAZINS</TwnNm><Ctry>PT</Ctry></PstlAdr></Cdtr><CdtrAcct><Id><IBAN>PT50000706040028169000777</IBAN></Id><Nm>SEBASTIAO E MARTINS SA</Nm></CdtrAcct><Tax><Dbtr><TaxId>PT501997784</TaxId></Dbtr><RefNb>FTFA.2025/3175</RefNb><Dt>2025-06-03</Dt><Rcrd><Tp>WHT</Tp><TaxAmt><TaxblBaseAmt Ccy="EUR">0.00</TaxblBaseAmt><TtlAmt Ccy="EUR">0.00</TtlAmt></TaxAmt></Rcrd></Tax><RmtInf><Ustrd>/INV/FTFA.2025/3175 28.3.2025/INV/FTFA.2025/3370 31.3.2025</Ustrd></RmtInf></CdtTrfTxInf><CdtTrfTxInf><PmtId><InstrId>01-201022300025672025</InstrId><EndToEndId>2230002567</EndToEndId></PmtId><Amt><InstdAmt Ccy="EUR">2879.17</InstdAmt></Amt><CdtrAgt><FinInstnId><ClrSysMmbId><ClrSysId><Cd>PTNCC</Cd></ClrSysId><MmbId>00330000</MmbId></ClrSysMmbId><Nm>Millenium BCP</Nm><PstlAdr><Ctry>PT</Ctry></PstlAdr></FinInstnId></CdtrAgt><Cdtr><Nm>INES BECKEN UNIPESSOAL LDA INES BECKEN UNIPESSOAL</Nm><PstlAdr><StrtNm>R VIANA DA MOTA S. PEDRO DO ESTORIL</StrtNm><PstCd>2765-562</PstCd><TwnNm>S. PEDRO DO ESTORIL</TwnNm><Ctry>PT</Ctry></PstlAdr></Cdtr><CdtrAcct><Id><IBAN>PT50003300004550371500905</IBAN></Id><Nm>INES BECKEN UNIPESSOAL LDA</Nm></CdtrAcct><Tax><Dbtr><TaxId>PT501997784</TaxId></Dbtr><RefNb>474/158</RefNb><Dt>2025-06-03</Dt><Rcrd><Tp>WHT</Tp><TaxAmt><TaxblBaseAmt Ccy="EUR">0.00</TaxblBaseAmt><TtlAmt Ccy="EUR">0.00</TtlAmt></TaxAmt></Rcrd></Tax><RmtInf><Ustrd>/ADV/2230002567 3.6.2025</Ustrd></RmtInf></CdtTrfTxInf><CdtTrfTxInf><PmtId><InstrId>01-201022300025662025</InstrId><EndToEndId>2230002566</EndToEndId></PmtId><Amt><InstdAmt Ccy="EUR">196.80</InstdAmt></Amt><CdtrAgt><FinInstnId><ClrSysMmbId><ClrSysId><Cd>PTNCC</Cd></ClrSysId><MmbId>00350627</MmbId></ClrSysMmbId><Nm>CAIXA GERAL DEPOSITOS</Nm><PstlAdr><Ctry>PT</Ctry></PstlAdr></FinInstnId><BrnchId><Id>PONTA DELGADA</Id></BrnchId></CdtrAgt><Cdtr><Nm>BLUE OCEAN MEDICAL,LDA</Nm><PstlAdr><StrtNm>LARGO DA LAGOA, 7C</StrtNm><PstCd>2795-116</PstCd><TwnNm>LINDA A VELHA</TwnNm><Ctry>PT</Ctry></PstlAdr></Cdtr><CdtrAcct><Id><IBAN>PT50003506270007497033033</IBAN></Id><Nm>BLUE OCEAN MEDICAL,LDA</Nm></CdtrAcct><Tax><Dbtr><TaxId>PT501997784</TaxId></Dbtr><RefNb>1650</RefNb><Dt>2025-06-03</Dt><Rcrd><Tp>WHT</Tp><TaxAmt><TaxblBaseAmt Ccy="EUR">0.00</TaxblBaseAmt><TtlAmt Ccy="EUR">0.00</TtlAmt></TaxAmt></Rcrd></Tax><RmtInf><Ustrd>/INV/1650 22.4.2025</Ustrd></RmtInf></CdtTrfTxInf><CdtTrfTxInf><PmtId><InstrId>01-201022300025652025</InstrId><EndToEndId>2230002565</EndToEndId></PmtId><Amt><InstdAmt Ccy="EUR">1004.00</InstdAmt></Amt><CdtrAgt><FinInstnId><ClrSysMmbId><ClrSysId><Cd>PTNCC</Cd></ClrSysId><MmbId>00330000</MmbId></ClrSysMmbId><Nm>Millenium BCP</Nm><PstlAdr><Ctry>PT</Ctry></PstlAdr></FinInstnId></CdtrAgt><Cdtr><Nm>NOBLE PROMISE GESTAO DE EVENTOS, UNIPESSOAL, LDA</Nm><PstlAdr><StrtNm>RUA DO CRUCIFIXO N(o) 40 - 3(o)</StrtNm><PstCd>1100-183</PstCd><TwnNm>LISBOA</TwnNm><Ctry>PT</Ctry></PstlAdr></Cdtr><CdtrAcct><Id><IBAN>PT50003300004542190423905</IBAN></Id><Nm>NOBLE PROMISE GESTAO DE EVENTOS, UNIPESSOAL, LDA</Nm></CdtrAcct><Tax><Dbtr><TaxId>PT501997784</TaxId></Dbtr><RefNb>FTFA.2025/87</RefNb><Dt>2025-06-03</Dt><Rcrd><Tp>WHT</Tp><TaxAmt><TaxblBaseAmt Ccy="EUR">0.00</TaxblBaseAmt><TtlAmt Ccy="EUR">0.00</TtlAmt></TaxAmt></Rcrd></Tax><RmtInf><Ustrd>/INV/FTFA.2025/87 25.3.2025</Ustrd></RmtInf></CdtTrfTxInf><CdtTrfTxInf><PmtId><InstrId>01-201022300025642025</InstrId><EndToEndId>2230002564</EndToEndId></PmtId><Amt><InstdAmt Ccy="EUR">159.38</InstdAmt></Amt><CdtrAgt><FinInstnId><ClrSysMmbId><ClrSysId><Cd>PTNCC</Cd></ClrSysId><MmbId>00350882</MmbId></ClrSysMmbId><Nm>CAIXA GERAL DEPOSITOS</Nm><PstlAdr><Ctry>PT</Ctry></PstlAdr></FinInstnId><BrnchId><Id>VILA NOVA DE FAMALICAO</Id></BrnchId></CdtrAgt><Cdtr><Nm>ETIPRINT - INDUSTRIA E COM. DE ETI., UNIP, LDA</Nm><PstlAdr><StrtNm>RUA BOUCA DE FRADES N(o) 107</StrtNm><PstCd>4765-354</PstCd><TwnNm>OLIVEIRA SANTA MARIA</TwnNm><Ctry>PT</Ctry></PstlAdr></Cdtr><CdtrAcct><Id><IBAN>PT50003508820008886793022</IBAN></Id><Nm>ETIPRINT - INDUSTRIA E COM. DE ETI., UNIP, LDA</Nm></CdtrAcct><Tax><Dbtr><TaxId>PT501997784</TaxId></Dbtr><RefNb>FT2025A1/628</RefNb><Dt>2025-06-03</Dt><Rcrd><Tp>WHT</Tp><TaxAmt><TaxblBaseAmt Ccy="EUR">0.00</TaxblBaseAmt><TtlAmt Ccy="EUR">0.00</TtlAmt></TaxAmt></Rcrd></Tax><RmtInf><Ustrd>/INV/FT2025A1/628 27.3.2025</Ustrd></RmtInf></CdtTrfTxInf><CdtTrfTxInf><PmtId><InstrId>01-201022300025632025</InstrId><EndToEndId>2230002563</EndToEndId></PmtId><Amt><InstdAmt Ccy="EUR">360.61</InstdAmt></Amt><CdtrAgt><FinInstnId><ClrSysMmbId><ClrSysId><Cd>PTNCC</Cd></ClrSysId><MmbId>00352112</MmbId></ClrSysMmbId><Nm>CAIXA GERAL DEPOSITOS</Nm><PstlAdr><Ctry>PT</Ctry></PstlAdr></FinInstnId><BrnchId><Id>AUTOMÁTICO</Id></BrnchId></CdtrAgt><Cdtr><Nm>PASSAMAR-PASSAMARIAS MARTINS,LDA PASSAMAR-PASSAMARIAS MARTINS,LDA</Nm><PstlAdr><StrtNm>RUA DE CUMEEIRA</StrtNm><PstCd>4764-908</PstCd><TwnNm>VILARINHO DAS CAMBAS</TwnNm><Ctry>PT</Ctry></PstlAdr></Cdtr><CdtrAcct><Id><IBAN>PT50003521120002579593042</IBAN></Id><Nm>PASSAMAR-PASSAMARIAS MARTINS,LDA</Nm></CdtrAcct><Tax><Dbtr><TaxId>PT501997784</TaxId></Dbtr><RefNb>FA2025/2389</RefNb><Dt>2025-06-03</Dt><Rcrd><Tp>WHT</Tp><TaxAmt><TaxblBaseAmt Ccy="EUR">0.00</TaxblBaseAmt><TtlAmt Ccy="EUR">0.00</TtlAmt></TaxAmt></Rcrd></Tax><RmtInf><Ustrd>/ADV/2230002563 3.6.2025</Ustrd></RmtInf></CdtTrfTxInf><CdtTrfTxInf><PmtId><InstrId>01-201022300025622025</InstrId><EndToEndId>2230002562</EndToEndId></PmtId><Amt><InstdAmt Ccy="EUR">8091.29</InstdAmt></Amt><CdtrAgt><FinInstnId><ClrSysMmbId><ClrSysId><Cd>PTNCC</Cd></ClrSysId><MmbId>00330000</MmbId></ClrSysMmbId><Nm>Millenium BCP</Nm><PstlAdr><Ctry>PT</Ctry></PstlAdr></FinInstnId></CdtrAgt><Cdtr><Nm>CTT EXPRESSO - SERVICOS POSTAIS E L CTT EXPRESSO-SERV.POST.LOGISTICA,S</Nm><PstlAdr><StrtNm>AV.JOAOII LT1.12.03 P.10</StrtNm><PstCd>1999-001</PstCd><TwnNm>LISBOA</TwnNm><Ctry>PT</Ctry></PstlAdr></Cdtr><CdtrAcct><Id><IBAN>PT50003300000004744134305</IBAN></Id><Nm>CTT EXPRESSO - SERVICOS POSTAIS E L</Nm></CdtrAcct><Tax><Dbtr><TaxId>PT501997784</TaxId></Dbtr><RefNb>X25/002001031036</RefNb><Dt>2025-06-03</Dt><Rcrd><Tp>WHT</Tp><TaxAmt><TaxblBaseAmt Ccy="EUR">0.00</TaxblBaseAmt><TtlAmt Ccy="EUR">0.00</TtlAmt></TaxAmt></Rcrd></Tax><RmtInf><Ustrd>/INV/X25/002001031036 30.4.2025</Ustrd></RmtInf></CdtTrfTxInf><CdtTrfTxInf><PmtId><InstrId>01-201022300025612025</InstrId><EndToEndId>2230002561</EndToEndId></PmtId><Amt><InstdAmt Ccy="EUR">3589.06</InstdAmt></Amt><CdtrAgt><FinInstnId><ClrSysMmbId><ClrSysId><Cd>PTNCC</Cd></ClrSysId><MmbId>00330000</MmbId></ClrSysMmbId><Nm>Millenium BCP</Nm><PstlAdr><Ctry>PT</Ctry></PstlAdr></FinInstnId></CdtrAgt><Cdtr><Nm>VIAGENS ABREU, S.A. VIAGENS ABREU, S.A.</Nm><PstlAdr><StrtNm>AV. DOS ALIADOS, 207</StrtNm><PstCd>4000-067</PstCd><TwnNm>PORTO</TwnNm><Ctry>PT</Ctry></PstlAdr></Cdtr><CdtrAcct><Id><IBAN>PT50003300000000023132083</IBAN></Id><Nm>VIAGENS ABREU, S.A.</Nm></CdtrAcct><Tax><Dbtr><TaxId>PT501997784</TaxId></Dbtr><RefNb>FT125/0098145</RefNb><Dt>2025-06-03</Dt><Rcrd><Tp>WHT</Tp><TaxAmt><TaxblBaseAmt Ccy="EUR">0.00</TaxblBaseAmt><TtlAmt Ccy="EUR">0.00</TtlAmt></TaxAmt></Rcrd></Tax><RmtInf><Ustrd>/ADV/2230002561 3.6.2025</Ustrd></RmtInf></CdtTrfTxInf><CdtTrfTxInf><PmtId><InstrId>01-201022300025602025</InstrId><EndToEndId>2230002560</EndToEndId></PmtId><Amt><InstdAmt Ccy="EUR">2180.82</InstdAmt></Amt><CdtrAgt><FinInstnId><ClrSysMmbId><ClrSysId><Cd>PTNCC</Cd></ClrSysId><MmbId>00330000</MmbId></ClrSysMmbId><Nm>Millenium BCP</Nm><PstlAdr><Ctry>PT</Ctry></PstlAdr></FinInstnId></CdtrAgt><Cdtr><Nm>ALCOTRANS - AGENTES TRANSITAR. LDA</Nm><PstlAdr><StrtNm>B CAMPO DA BOLA, ED ALCOTRANS</StrtNm><PstCd>2635-022</PstCd><TwnNm>RIO MOURO</TwnNm><Ctry>PT</Ctry></PstlAdr></Cdtr><CdtrAcct><Id><IBAN>PT50003300000001570167623</IBAN></Id><Nm>ALCOTRANS - AGENTES TRANSITAR. LDA</Nm></CdtrAcct><Tax><Dbtr><TaxId>PT501997784</TaxId></Dbtr><RefNb>202507457</RefNb><Dt>2025-06-03</Dt><Rcrd><Tp>WHT</Tp><TaxAmt><TaxblBaseAmt Ccy="EUR">0.00</TaxblBaseAmt><TtlAmt Ccy="EUR">0.00</TtlAmt></TaxAmt></Rcrd></Tax><RmtInf><Ustrd>/INV/202507457 28.4.2025</Ustrd></RmtInf></CdtTrfTxInf><CdtTrfTxInf><PmtId><InstrId>01-201022300025592025</InstrId><EndToEndId>2230002559</EndToEndId></PmtId><Amt><InstdAmt Ccy="EUR">1107.00</InstdAmt></Amt><CdtrAgt><FinInstnId><ClrSysMmbId><ClrSysId><Cd>PTNCC</Cd></ClrSysId><MmbId>00330000</MmbId></ClrSysMmbId><Nm>Millenium BCP</Nm><PstlAdr><Ctry>PT</Ctry></PstlAdr></FinInstnId></CdtrAgt><Cdtr><Nm>CISION PORTUGAL - DISTRIBUICAO INF. CISION PORTUGAL,SA</Nm><PstlAdr><StrtNm>AV FONTES PEREIRA MELO, N 21-5</StrtNm><PstCd>1050-116</PstCd><TwnNm>LISBOA</TwnNm><Ctry>PT</Ctry></PstlAdr></Cdtr><CdtrAcct><Id><IBAN>PT50003300000002943513605</IBAN></Id><Nm>CISION PORTUGAL - DISTRIBUICAO INF.</Nm></CdtrAcct><Tax><Dbtr><TaxId>PT501997784</TaxId></Dbtr><RefNb>FT5/52770</RefNb><Dt>2025-06-03</Dt><Rcrd><Tp>WHT</Tp><TaxAmt><TaxblBaseAmt Ccy="EUR">0.00</TaxblBaseAmt><TtlAmt Ccy="EUR">0.00</TtlAmt></TaxAmt></Rcrd></Tax><RmtInf><Ustrd>/INV/FT5/52770 31.3.2025</Ustrd></RmtInf></CdtTrfTxInf><CdtTrfTxInf><PmtId><InstrId>01-201022300025582025</InstrId><EndToEndId>2230002558</EndToEndId></PmtId><Amt><InstdAmt Ccy="EUR">3262.10</InstdAmt></Amt><CdtrAgt><FinInstnId><ClrSysMmbId><ClrSysId><Cd>PTNCC</Cd></ClrSysId><MmbId>00330000</MmbId></ClrSysMmbId><Nm>Millenium BCP</Nm><PstlAdr><Ctry>PT</Ctry></PstlAdr></FinInstnId></CdtrAgt><Cdtr><Nm>J.PEREIRA DA CRUZ, S.A. J.PEREIRA DA CRUZ, SA</Nm><PstlAdr><StrtNm>R. VICTOR CORDON, 14</StrtNm><PstCd>1249-103</PstCd><TwnNm>LISBOA</TwnNm><Ctry>PT</Ctry></PstlAdr></Cdtr><CdtrAcct><Id><IBAN>PT50003300000018025116188</IBAN></Id><Nm>J.PEREIRA DA CRUZ, S.A.</Nm></CdtrAcct><Tax><Dbtr><TaxId>PT501997784</TaxId></Dbtr><RefNb>FT2025A1/968G</RefNb><Dt>2025-06-03</Dt><Rcrd><Tp>WHT</Tp><TaxAmt><TaxblBaseAmt Ccy="EUR">0.00</TaxblBaseAmt><TtlAmt Ccy="EUR">0.00</TtlAmt></TaxAmt></Rcrd></Tax><RmtInf><Ustrd>/INV/FT2025A1/968G 25.3.2025/INV/FT2025A1/1020G 27.3.2025</Ustrd></RmtInf></CdtTrfTxInf><CdtTrfTxInf><PmtId><InstrId>01-201022300025572025</InstrId><EndToEndId>2230002557</EndToEndId></PmtId><Amt><InstdAmt Ccy="EUR">8214.33</InstdAmt></Amt><CdtrAgt><FinInstnId><ClrSysMmbId><ClrSysId><Cd>PTNCC</Cd></ClrSysId><MmbId>00180003</MmbId></ClrSysMmbId><Nm>BANCO SANTANDER TOTTA, SA</Nm><PstlAdr><Ctry>PT</Ctry></PstlAdr></FinInstnId></CdtrAgt><Cdtr><Nm>MAERSK LOGISTICS SERVICES PORTUGA SOCIEDADE UNIPESSOAL, LDA</Nm><PstlAdr><StrtNm>ED. TORRE ORIENTE, AVENIDA COLEGIO</StrtNm><PstCd>1500-180</PstCd><TwnNm>LISBOA</TwnNm><Ctry>PT</Ctry></PstlAdr></Cdtr><CdtrAcct><Id><IBAN>PT50001800032100435302090</IBAN></Id><Nm>MAERSK LOGISTICS SERVICES PORTUGA</Nm></CdtrAcct><Tax><Dbtr><TaxId>PT501997784</TaxId></Dbtr><RefNb>FTFA.2025/2058</RefNb><Dt>2025-06-03</Dt><Rcrd><Tp>WHT</Tp><TaxAmt><TaxblBaseAmt Ccy="EUR">0.00</TaxblBaseAmt><TtlAmt Ccy="EUR">0.00</TtlAmt></TaxAmt></Rcrd></Tax><RmtInf><Ustrd>/ADV/2230002557 3.6.2025</Ustrd></RmtInf></CdtTrfTxInf><CdtTrfTxInf><PmtId><InstrId>01-201022300025562025</InstrId><EndToEndId>2230002556</EndToEndId></PmtId><Amt><InstdAmt Ccy="EUR">10223.94</InstdAmt></Amt><CdtrAgt><FinInstnId><ClrSysMmbId><ClrSysId><Cd>PTNCC</Cd></ClrSysId><MmbId>00070023</MmbId></ClrSysMmbId><Nm>NOVO BANCO</Nm><PstlAdr><Ctry>PT</Ctry></PstlAdr></FinInstnId></CdtrAgt><Cdtr><Nm>DHL EXPRESS PORTUGAL, LDA DHL EXPRESS PORTUGAL, LDA</Nm><PstlAdr><StrtNm>AV. D. JOAO II, N(o) 51, 4(o)</StrtNm><PstCd>1990-085</PstCd><TwnNm>LISBOA</TwnNm><Ctry>PT</Ctry></PstlAdr></Cdtr><CdtrAcct><Id><IBAN>PT50000700230033246000162</IBAN></Id><Nm>DHL EXPRESS PORTUGAL, LDA</Nm></CdtrAcct><Tax><Dbtr><TaxId>PT501997784</TaxId></Dbtr><RefNb>25P31633</RefNb><Dt>2025-06-03</Dt><Rcrd><Tp>WHT</Tp><TaxAmt><TaxblBaseAmt Ccy="EUR">0.00</TaxblBaseAmt><TtlAmt Ccy="EUR">0.00</TtlAmt></TaxAmt></Rcrd></Tax><RmtInf><Ustrd>/ADV/2230002556 3.6.2025</Ustrd></RmtInf></CdtTrfTxInf><CdtTrfTxInf><PmtId><InstrId>01-201022300025992025</InstrId><EndToEndId>2230002599</EndToEndId></PmtId><Amt><InstdAmt Ccy="EUR">28924.93</InstdAmt></Amt><CdtrAgt><FinInstnId><ClrSysMmbId><ClrSysId><Cd>PTNCC</Cd></ClrSysId><MmbId>00070000</MmbId></ClrSysMmbId><Nm>NOVO BANCO</Nm><PstlAdr><Ctry>PT</Ctry></PstlAdr></FinInstnId><BrnchId><Id>3000-350 Coimbra</Id></BrnchId></CdtrAgt><Cdtr><Nm>SALTIRSO - FERNANDO M.B. PINTO OLIVEIRA</Nm><PstlAdr><StrtNm>AV. ABEL ALVES DE FIGUEIREDO - TARR</StrtNm><PstCd>4780-163</PstCd><TwnNm>COUTO (STA CRISTINA)</TwnNm><Ctry>PT</Ctry></PstlAdr></Cdtr><CdtrAcct><Id><IBAN>PT50000700000478500010723</IBAN></Id><Nm>SALTIRSO - FERNANDO M.B. PINTO OLIVEIRA</Nm></CdtrAcct><Tax><Dbtr><TaxId>PT501997784</TaxId></Dbtr><RefNb>FT1/2021</RefNb><Dt>2025-06-03</Dt><Rcrd><Tp>WHT</Tp><TaxAmt><TaxblBaseAmt Ccy="EUR">0.00</TaxblBaseAmt><TtlAmt Ccy="EUR">0.00</TtlAmt></TaxAmt></Rcrd></Tax><RmtInf><Ustrd>/INV/FT1/2021 28.3.2025</Ustrd></RmtInf></CdtTrfTxInf><CdtTrfTxInf><PmtId><InstrId>01-201022300025982025</InstrId><EndToEndId>2230002598</EndToEndId></PmtId><Amt><InstdAmt Ccy="EUR">56.58</InstdAmt></Amt><CdtrAgt><FinInstnId><ClrSysMmbId><ClrSysId><Cd>PTNCC</Cd></ClrSysId><MmbId>00070000</MmbId></ClrSysMmbId><Nm>NOVO BANCO</Nm><PstlAdr><Ctry>PT</Ctry></PstlAdr></FinInstnId><BrnchId><Id>3000-350 Coimbra</Id></BrnchId></CdtrAgt><Cdtr><Nm>Jofer - Jose Ferreira Fernandes, Lda.</Nm><PstlAdr><StrtNm>RUA DO PEGO,421</StrtNm><PstCd>4770-366</PstCd><TwnNm>MOUQUIM VNF</TwnNm><Ctry>PT</Ctry></PstlAdr></Cdtr><CdtrAcct><Id><IBAN>PT50000700000013508908823</IBAN></Id><Nm>Jofer - Jose Ferreira Fernandes, Lda.</Nm></CdtrAcct><Tax><Dbtr><TaxId>PT501997784</TaxId></Dbtr><RefNb>FT2025A17/313</RefNb><Dt>2025-06-03</Dt><Rcrd><Tp>WHT</Tp><TaxAmt><TaxblBaseAmt Ccy="EUR">0.00</TaxblBaseAmt><TtlAmt Ccy="EUR">0.00</TtlAmt></TaxAmt></Rcrd></Tax><RmtInf><Ustrd>/INV/FT2025A17/313 31.3.2025</Ustrd></RmtInf></CdtTrfTxInf><CdtTrfTxInf><PmtId><InstrId>01-201022300025972025</InstrId><EndToEndId>2230002597</EndToEndId></PmtId><Amt><InstdAmt Ccy="EUR">5575.46</InstdAmt></Amt><CdtrAgt><FinInstnId><ClrSysMmbId><ClrSysId><Cd>PTNCC</Cd></ClrSysId><MmbId>00330000</MmbId></ClrSysMmbId><Nm>Millenium BCP</Nm><PstlAdr><Ctry>PT</Ctry></PstlAdr></FinInstnId></CdtrAgt><Cdtr><Nm>Julia Rocha,Lda.-Imp Exp. Representacoes</Nm><PstlAdr><StrtNm>RUA INDUSTRIAL MONTE DA CARREIRA</StrtNm><PstCd>4805-512</PstCd><TwnNm>PONTE GMR</TwnNm><Ctry>PT</Ctry></PstlAdr></Cdtr><CdtrAcct><Id><IBAN>PT50003300000001109233032</IBAN></Id><Nm>Julia Rocha,Lda.-Imp Exp. Representacoes</Nm></CdtrAcct><Tax><Dbtr><TaxId>PT501997784</TaxId></Dbtr><RefNb>FTFA.BBBB/9057</RefNb><Dt>2025-06-03</Dt><Rcrd><Tp>WHT</Tp><TaxAmt><TaxblBaseAmt Ccy="EUR">0.00</TaxblBaseAmt><TtlAmt Ccy="EUR">0.00</TtlAmt></TaxAmt></Rcrd></Tax><RmtInf><Ustrd>/INV/FTFA.BBBB/9057 27.3.2025</Ustrd></RmtInf></CdtTrfTxInf><CdtTrfTxInf><PmtId><InstrId>01-201022300025962025</InstrId><EndToEndId>2230002596</EndToEndId></PmtId><Amt><InstdAmt Ccy="EUR">1089.00</InstdAmt></Amt><CdtrAgt><FinInstnId><ClrSysMmbId><ClrSysId><Cd>PTNCC</Cd></ClrSysId><MmbId>00100000</MmbId></ClrSysMmbId><Nm>BANCO BPI SA</Nm><PstlAdr><Ctry>PT</Ctry></PstlAdr></FinInstnId><BrnchId><Id>Av. Boavista</Id></BrnchId></CdtrAgt><Cdtr><Nm>Focor - Produtos Quimicos, S.A.</Nm><PstlAdr><StrtNm>TRAVESSA DA PRELADA, 613</StrtNm><PstCd>4250-380</PstCd><TwnNm>PORTO</TwnNm><Ctry>PT</Ctry></PstlAdr></Cdtr><CdtrAcct><Id><IBAN>PT50001000001326787000121</IBAN></Id><Nm>Focor - Produtos Quimicos, S.A.</Nm></CdtrAcct><Tax><Dbtr><TaxId>PT501997784</TaxId></Dbtr><RefNb>870</RefNb><Dt>2025-06-03</Dt><Rcrd><Tp>WHT</Tp><TaxAmt><TaxblBaseAmt Ccy="EUR">0.00</TaxblBaseAmt><TtlAmt Ccy="EUR">0.00</TtlAmt></TaxAmt></Rcrd></Tax><RmtInf><Ustrd>/INV/870 23.4.2025</Ustrd></RmtInf></CdtTrfTxInf><CdtTrfTxInf><PmtId><InstrId>01-201022300025952025</InstrId><EndToEndId>2230002595</EndToEndId></PmtId><Amt><InstdAmt Ccy="EUR">104.21</InstdAmt></Amt><CdtrAgt><FinInstnId><ClrSysMmbId><ClrSysId><Cd>PTNCC</Cd></ClrSysId><MmbId>00070605</MmbId></ClrSysMmbId><Nm>NOVO BANCO</Nm><PstlAdr><Ctry>PT</Ctry></PstlAdr></FinInstnId></CdtrAgt><Cdtr><Nm>A Ferrag. Trofa - Gonc. Moreira, Lda.</Nm><PstlAdr><StrtNm>RUA DE CONDE S. BENTO, 130</StrtNm><PstCd>4786-909</PstCd><TwnNm>TROFA</TwnNm><Ctry>PT</Ctry></PstlAdr></Cdtr><CdtrAcct><Id><IBAN>PT50000706050001586001867</IBAN></Id><Nm>A Ferrag. Trofa - Gonc. Moreira, Lda.</Nm></CdtrAcct><Tax><Dbtr><TaxId>PT501997784</TaxId></Dbtr><RefNb>FA.2025A/2504124</RefNb><Dt>2025-06-03</Dt><Rcrd><Tp>WHT</Tp><TaxAmt><TaxblBaseAmt Ccy="EUR">0.00</TaxblBaseAmt><TtlAmt Ccy="EUR">0.00</TtlAmt></TaxAmt></Rcrd></Tax><RmtInf><Ustrd>/INV/FA.2025A/2504124 28.3.2025</Ustrd></RmtInf></CdtTrfTxInf><CdtTrfTxInf><PmtId><InstrId>01-201022300025942025</InstrId><EndToEndId>2230002594</EndToEndId></PmtId><Amt><InstdAmt Ccy="EUR">393.60</InstdAmt></Amt><CdtrAgt><FinInstnId><ClrSysMmbId><ClrSysId><Cd>PTNCC</Cd></ClrSysId><MmbId>00100000</MmbId></ClrSysMmbId><Nm>BANCO BPI SA</Nm><PstlAdr><Ctry>PT</Ctry></PstlAdr></FinInstnId><BrnchId><Id>Av. Boavista</Id></BrnchId></CdtrAgt><Cdtr><Nm>Nuno Castro, Lda.</Nm><PstlAdr><StrtNm>RUA HELIODORO SALGADO, 286</StrtNm><PstCd>4786-909</PstCd><TwnNm>TROFA</TwnNm><Ctry>PT</Ctry></PstlAdr></Cdtr><CdtrAcct><Id><IBAN>PT50001000001488344000172</IBAN></Id><Nm>Nuno Castro, Lda.</Nm></CdtrAcct><Tax><Dbtr><TaxId>PT501997784</TaxId></Dbtr><RefNb>FCL-A25/001856</RefNb><Dt>2025-06-03</Dt><Rcrd><Tp>WHT</Tp><TaxAmt><TaxblBaseAmt Ccy="EUR">0.00</TaxblBaseAmt><TtlAmt Ccy="EUR">0.00</TtlAmt></TaxAmt></Rcrd></Tax><RmtInf><Ustrd>/INV/FCL-A25/001856 28.2.2025/INV/FCL-A24/007975. 30.9.2024</Ustrd></RmtInf></CdtTrfTxInf><CdtTrfTxInf><PmtId><InstrId>01-201022300025932025</InstrId><EndToEndId>2230002593</EndToEndId></PmtId><Amt><InstdAmt Ccy="EUR">401.65</InstdAmt></Amt><CdtrAgt><FinInstnId><ClrSysMmbId><ClrSysId><Cd>PTNCC</Cd></ClrSysId><MmbId>00180008</MmbId></ClrSysMmbId><Nm>BANCO SANTANDER TOTTA, SA</Nm><PstlAdr><Ctry>PT</Ctry></PstlAdr></FinInstnId></CdtrAgt><Cdtr><Nm>MARIA NATALIA CRUZ SILVA</Nm><PstlAdr><StrtNm>LARGO DO CRUZEIRO, N.(o) 95</StrtNm><PstCd>4785-334</PstCd><TwnNm>TROFA</TwnNm><Ctry>PT</Ctry></PstlAdr></Cdtr><CdtrAcct><Id><IBAN>PT50001800080403034102044</IBAN></Id><Nm>MARIA NATALIA CRUZ SILVA</Nm></CdtrAcct><Tax><Dbtr><TaxId>PT501997784</TaxId></Dbtr><RefNb>C001/003591</RefNb><Dt>2025-06-03</Dt><Rcrd><Tp>WHT</Tp><TaxAmt><TaxblBaseAmt Ccy="EUR">0.00</TaxblBaseAmt><TtlAmt Ccy="EUR">0.00</TtlAmt></TaxAmt></Rcrd></Tax><RmtInf><Ustrd>/ADV/2230002593 3.6.2025</Ustrd></RmtInf></CdtTrfTxInf><CdtTrfTxInf><PmtId><InstrId>01-201022300025922025</InstrId><EndToEndId>2230002592</EndToEndId></PmtId><Amt><InstdAmt Ccy="EUR">450.18</InstdAmt></Amt><CdtrAgt><FinInstnId><ClrSysMmbId><ClrSysId><Cd>PTNCC</Cd></ClrSysId><MmbId>00070566</MmbId></ClrSysMmbId><Nm>NOVO BANCO</Nm><PstlAdr><Ctry>PT</Ctry></PstlAdr></FinInstnId></CdtrAgt><Cdtr><Nm>LITEL - LITOGRAFIA E EMBALAGENS, LD</Nm><PstlAdr><StrtNm>RUA DAS INDUSTRIAS, 3265</StrtNm><PstCd>4785-627</PstCd><TwnNm>TROFA</TwnNm><Ctry>PT</Ctry></PstlAdr></Cdtr><CdtrAcct><Id><IBAN>PT50000705660000507000157</IBAN></Id><Nm>LITEL - LITOGRAFIA E EMBALAGENS, LD</Nm></CdtrAcct><Tax><Dbtr><TaxId>PT501997784</TaxId></Dbtr><RefNb>FTFTF25/270</RefNb><Dt>2025-06-03</Dt><Rcrd><Tp>WHT</Tp><TaxAmt><TaxblBaseAmt Ccy="EUR">0.00</TaxblBaseAmt><TtlAmt Ccy="EUR">0.00</TtlAmt></TaxAmt></Rcrd></Tax><RmtInf><Ustrd>/INV/FTFTF25/270 21.2.2025</Ustrd></RmtInf></CdtTrfTxInf><CdtTrfTxInf><PmtId><InstrId>01-201022300025912025</InstrId><EndToEndId>2230002591</EndToEndId></PmtId><Amt><InstdAmt Ccy="EUR">118.87</InstdAmt></Amt><CdtrAgt><FinInstnId><ClrSysMmbId><ClrSysId><Cd>PTNCC</Cd></ClrSysId><MmbId>00180000</MmbId></ClrSysMmbId><Nm>BANCO SANTANDER TOTTA, SA</Nm><PstlAdr><Ctry>PT</Ctry></PstlAdr></FinInstnId><BrnchId><Id>Santa Tecla</Id></BrnchId></CdtrAgt><Cdtr><Nm>JOSE MARIA ARAUJO CAMPOS C(a), LDA.</Nm><PstlAdr><StrtNm>RUA DO COVO, 63</StrtNm><PstCd>4760-445</PstCd><TwnNm>CAVALOES</TwnNm><Ctry>PT</Ctry></PstlAdr></Cdtr><CdtrAcct><Id><IBAN>PT50001800003680942100187</IBAN></Id><Nm>JOSE MARIA ARAUJO CAMPOS C(a), LDA.</Nm></CdtrAcct><Tax><Dbtr><TaxId>PT501997784</TaxId></Dbtr><RefNb>20310</RefNb><Dt>2025-06-03</Dt><Rcrd><Tp>WHT</Tp><TaxAmt><TaxblBaseAmt Ccy="EUR">0.00</TaxblBaseAmt><TtlAmt Ccy="EUR">0.00</TtlAmt></TaxAmt></Rcrd></Tax><RmtInf><Ustrd>/INV/20310 25.3.2025</Ustrd></RmtInf></CdtTrfTxInf><CdtTrfTxInf><PmtId><InstrId>01-201022300025902025</InstrId><EndToEndId>2230002590</EndToEndId></PmtId><Amt><InstdAmt Ccy="EUR">1511.42</InstdAmt></Amt><CdtrAgt><FinInstnId><ClrSysMmbId><ClrSysId><Cd>PTNCC</Cd></ClrSysId><MmbId>00451281</MmbId></ClrSysMmbId><Nm>CAIXA CENTRAL DE CREDITO AGRICOLA MUTUO</Nm><PstlAdr><Ctry>PT</Ctry></PstlAdr></FinInstnId></CdtrAgt><Cdtr><Nm>PLANTEL ARROJADO, LDA</Nm><PstlAdr><StrtNm>RUA DO SOBRECO N. 4</StrtNm><PstCd>4760-485</PstCd><TwnNm>FRADELOS - VILA NOVA DE FAMALICAO</TwnNm><Ctry>PT</Ctry></PstlAdr></Cdtr><CdtrAcct><Id><IBAN>PT50004512814033629349159</IBAN></Id><Nm>PLANTEL ARROJADO, LDA</Nm></CdtrAcct><Tax><Dbtr><TaxId>PT501997784</TaxId></Dbtr><RefNb>FT2025/58</RefNb><Dt>2025-06-03</Dt><Rcrd><Tp>WHT</Tp><TaxAmt><TaxblBaseAmt Ccy="EUR">0.00</TaxblBaseAmt><TtlAmt Ccy="EUR">0.00</TtlAmt></TaxAmt></Rcrd></Tax><RmtInf><Ustrd>/INV/FT2025/58 24.4.2025/INV/FT2025/62 30.4.2025</Ustrd></RmtInf></CdtTrfTxInf><CdtTrfTxInf><PmtId><InstrId>01-201022300025892025</InstrId><EndToEndId>2230002589</EndToEndId></PmtId><Amt><InstdAmt Ccy="EUR">31654.55</InstdAmt></Amt><CdtrAgt><FinInstnId><Nm>Rabobank</Nm><PstlAdr><Ctry>NL</Ctry></PstlAdr></FinInstnId></CdtrAgt><Cdtr><Nm>CYCLEON B.V.</Nm><PstlAdr><StrtNm>VLIEGEND HERTLAAN 71</StrtNm><PstCd>3526 KS</PstCd><TwnNm>UTRECHT</TwnNm><Ctry>NL</Ctry></PstlAdr></Cdtr><CdtrAcct><Id><IBAN>NL21RABO0104232579</IBAN></Id><Nm>CYCLEON B.V.</Nm></CdtrAcct><Tax><Dbtr><TaxId>PT501997784</TaxId></Dbtr><RefNb>C-20250048</RefNb><Dt>2025-06-03</Dt><Rcrd><Tp>WHT</Tp><TaxAmt><TaxblBaseAmt Ccy="EUR">0.00</TaxblBaseAmt><TtlAmt Ccy="EUR">0.00</TtlAmt></TaxAmt></Rcrd></Tax><RmtInf><Ustrd>/INV/C-20250048 30.4.2025/INV/NL-2500525 30.4.2025/INV/NL-2500526 30.4.2025/INV/NL-2500442 31.3.2025</Ustrd></RmtInf></CdtTrfTxInf><CdtTrfTxInf><PmtId><InstrId>01-201022300025882025</InstrId><EndToEndId>2230002588</EndToEndId></PmtId><Amt><InstdAmt Ccy="EUR">5058.60</InstdAmt></Amt><CdtrAgt><FinInstnId><ClrSysMmbId><ClrSysId><Cd>PTNCC</Cd></ClrSysId><MmbId>00180345</MmbId></ClrSysMmbId><Nm>BANCO SANTANDER TOTTA, SA</Nm><PstlAdr><Ctry>PT</Ctry></PstlAdr></FinInstnId></CdtrAgt><Cdtr><Nm>SAICA NATUR PORTUGAL. LDA</Nm><PstlAdr><StrtNm>MAIA - ZONA IND. MAIA I, SECTOR III</StrtNm><PstCd>4471-907</PstCd><TwnNm>MOREIRA MAIA</TwnNm><Ctry>PT</Ctry></PstlAdr></Cdtr><CdtrAcct><Id><IBAN>PT50001803450020001164058</IBAN></Id><Nm>SAICA NATUR PORTUGAL. LDA</Nm></CdtrAcct><Tax><Dbtr><TaxId>PT501997784</TaxId></Dbtr><RefNb>BB1XX/3500038274</RefNb><Dt>2025-06-03</Dt><Rcrd><Tp>WHT</Tp><TaxAmt><TaxblBaseAmt Ccy="EUR">0.00</TaxblBaseAmt><TtlAmt Ccy="EUR">0.00</TtlAmt></TaxAmt></Rcrd></Tax><RmtInf><Ustrd>/INV/BB1XX/3500038274 31.3.2025/INV/BB1XX/3500033322 31.3.2025/INV/BB1XX/3500038275 31.3.2025/INV/2549751608 24.3.2025</Ustrd></RmtInf></CdtTrfTxInf><CdtTrfTxInf><PmtId><InstrId>01-201022300025872025</InstrId><EndToEndId>2230002587</EndToEndId></PmtId><Amt><InstdAmt Ccy="EUR">95.71</InstdAmt></Amt><CdtrAgt><FinInstnId><ClrSysMmbId><ClrSysId><Cd>PTNCC</Cd></ClrSysId><MmbId>00182136</MmbId></ClrSysMmbId><Nm>BANCO SANTANDER TOTTA, SA</Nm><PstlAdr><Ctry>PT</Ctry></PstlAdr></FinInstnId></CdtrAgt><Cdtr><Nm>AUTO RUI MONTEIRO REP.V.AUT. (UNIP.,LDA)</Nm><PstlAdr><StrtNm>LOTEAMENTO INDUSTRIAL CARVALHOSA 29</StrtNm><PstCd>4760-810</PstCd><TwnNm>LOUSADO</TwnNm><Ctry>PT</Ctry></PstlAdr></Cdtr><CdtrAcct><Id><IBAN>PT50001821360014743502065</IBAN></Id><Nm>AUTO RUI MONTEIRO REP.V.AUT.</Nm></CdtrAcct><Tax><Dbtr><TaxId>PT501997784</TaxId></Dbtr><RefNb>25FAFA1/25100389</RefNb><Dt>2025-06-03</Dt><Rcrd><Tp>WHT</Tp><TaxAmt><TaxblBaseAmt Ccy="EUR">0.00</TaxblBaseAmt><TtlAmt Ccy="EUR">0.00</TtlAmt></TaxAmt></Rcrd></Tax><RmtInf><Ustrd>/INV/25FAFA1/25100389 23.4.2025/INV/25FAFA1/25100407 30.4.2025/INV/25FAFA1/25100408 30.4.2025</Ustrd></RmtInf></CdtTrfTxInf><CdtTrfTxInf><PmtId><InstrId>01-201022300025862025</InstrId><EndToEndId>2230002586</EndToEndId></PmtId><Amt><InstdAmt Ccy="EUR">13.84</InstdAmt></Amt><CdtrAgt><FinInstnId><ClrSysMmbId><ClrSysId><Cd>PTNCC</Cd></ClrSysId><MmbId>00100000</MmbId></ClrSysMmbId><Nm>BANCO BPI SA</Nm><PstlAdr><Ctry>PT</Ctry></PstlAdr></FinInstnId><BrnchId><Id>Av. Boavista</Id></BrnchId></CdtrAgt><Cdtr><Nm>Trofilectrica -Energia e Telecomun., Lda</Nm><PstlAdr><StrtNm>RUA INFANTE D.HENRIQUE, 527</StrtNm><PstCd>4785-185</PstCd><TwnNm>TROFA</TwnNm><Ctry>PT</Ctry></PstlAdr></Cdtr><CdtrAcct><Id><IBAN>PT50001000001498976000131</IBAN></Id><Nm>Trofilectrica -Energia e Telecomun., Lda</Nm></CdtrAcct><Tax><Dbtr><TaxId>PT501997784</TaxId></Dbtr><RefNb>949</RefNb><Dt>2025-06-03</Dt><Rcrd><Tp>WHT</Tp><TaxAmt><TaxblBaseAmt Ccy="EUR">0.00</TaxblBaseAmt><TtlAmt Ccy="EUR">0.00</TtlAmt></TaxAmt></Rcrd></Tax><RmtInf><Ustrd>/INV/949 25.3.2025</Ustrd></RmtInf></CdtTrfTxInf><CdtTrfTxInf><PmtId><InstrId>01-201022300025852025</InstrId><EndToEndId>2230002585</EndToEndId></PmtId><Amt><InstdAmt Ccy="EUR">186.96</InstdAmt></Amt><CdtrAgt><FinInstnId><ClrSysMmbId><ClrSysId><Cd>PTNCC</Cd></ClrSysId><MmbId>00330000</MmbId></ClrSysMmbId><Nm>Millenium BCP</Nm><PstlAdr><Ctry>PT</Ctry></PstlAdr></FinInstnId></CdtrAgt><Cdtr><Nm>Troficolor - Texteis, S.A.</Nm><PstlAdr><StrtNm>RUA D. PEDRO V, N(o) 505</StrtNm><PstCd>4786-909</PstCd><TwnNm>TROFA</TwnNm><Ctry>PT</Ctry></PstlAdr></Cdtr><CdtrAcct><Id><IBAN>PT50003300000003135748205</IBAN></Id><Nm>Troficolor - Texteis, S.A.</Nm></CdtrAcct><Tax><Dbtr><TaxId>PT501997784</TaxId></Dbtr><RefNb>20177730</RefNb><Dt>2025-06-03</Dt><Rcrd><Tp>WHT</Tp><TaxAmt><TaxblBaseAmt Ccy="EUR">0.00</TaxblBaseAmt><TtlAmt Ccy="EUR">0.00</TtlAmt></TaxAmt></Rcrd></Tax><RmtInf><Ustrd>/INV/20177730 28.2.2025</Ustrd></RmtInf></CdtTrfTxInf><CdtTrfTxInf><PmtId><InstrId>01-201022300025842025</InstrId><EndToEndId>2230002584</EndToEndId></PmtId><Amt><InstdAmt Ccy="EUR">25471.09</InstdAmt></Amt><CdtrAgt><FinInstnId><ClrSysMmbId><ClrSysId><Cd>PTNCC</Cd></ClrSysId><MmbId>00180003</MmbId></ClrSysMmbId><Nm>BANCO SANTANDER TOTTA, SA</Nm><PstlAdr><Ctry>PT</Ctry></PstlAdr></FinInstnId></CdtrAgt><Cdtr><Nm>GLOBAL TRAIDING TEXTIL 2012, LDA</Nm><PstlAdr><StrtNm>RUA GOMES TEIXEIRA MATEMATICO</StrtNm><PstCd>4785-167</PstCd><TwnNm>TROFA</TwnNm><Ctry>PT</Ctry></PstlAdr></Cdtr><CdtrAcct><Id><IBAN>PT50001800031885929802014</IBAN></Id><Nm>GLOBAL TRAIDING TEXTIL 2012, LDA</Nm></CdtrAcct><Tax><Dbtr><TaxId>PT501997784</TaxId></Dbtr><RefNb>FTFA.2025T/10</RefNb><Dt>2025-06-03</Dt><Rcrd><Tp>WHT</Tp><TaxAmt><TaxblBaseAmt Ccy="EUR">0.00</TaxblBaseAmt><TtlAmt Ccy="EUR">0.00</TtlAmt></TaxAmt></Rcrd></Tax><RmtInf><Ustrd>/INV/FTFA.2025T/10 24.2.2025</Ustrd></RmtInf></CdtTrfTxInf><CdtTrfTxInf><PmtId><InstrId>01-201022300025832025</InstrId><EndToEndId>2230002583</EndToEndId></PmtId><Amt><InstdAmt Ccy="EUR">824.30</InstdAmt></Amt><CdtrAgt><FinInstnId><ClrSysMmbId><ClrSysId><Cd>PTNCC</Cd></ClrSysId><MmbId>00360032</MmbId></ClrSysMmbId><Nm>CAIXA ECONOMICA MONTEPIO GERAL</Nm><PstlAdr><Ctry>PT</Ctry></PstlAdr></FinInstnId></CdtrAgt><Cdtr><Nm>ALIVE PORTUGAL, AGENCIA DE VIAGENS</Nm><PstlAdr><StrtNm>RUA DO ZAMBEZE 303</StrtNm><PstCd>4250-505</PstCd><TwnNm>PORTO</TwnNm><Ctry>PT</Ctry></PstlAdr></Cdtr><CdtrAcct><Id><IBAN>PT50003600329910039141959</IBAN></Id><Nm>ALIVE PORTUGAL, AGENCIA DE VIAGENS</Nm></CdtrAcct><Tax><Dbtr><TaxId>PT501997784</TaxId></Dbtr><RefNb>C2025006/6001858</RefNb><Dt>2025-06-03</Dt><Rcrd><Tp>WHT</Tp><TaxAmt><TaxblBaseAmt Ccy="EUR">0.00</TaxblBaseAmt><TtlAmt Ccy="EUR">0.00</TtlAmt></TaxAmt></Rcrd></Tax><RmtInf><Ustrd>/INV/C2025006/6001858 31.3.2025/INV/C2025006/6001851 31.3.2025</Ustrd></RmtInf></CdtTrfTxInf><CdtTrfTxInf><PmtId><InstrId>01-201022300025822025</InstrId><EndToEndId>2230002582</EndToEndId></PmtId><Amt><InstdAmt Ccy="EUR">1946.82</InstdAmt></Amt><CdtrAgt><FinInstnId><ClrSysMmbId><ClrSysId><Cd>GBDSC</Cd></ClrSysId><MmbId>165050</MmbId></ClrSysMmbId><Nm>BANK OF AMERIA, NA</Nm><PstlAdr><Ctry>GB</Ctry></PstlAdr></FinInstnId></CdtrAgt><Cdtr><Nm>PINTEREST EUROPE LIMITED</Nm><PstlAdr><StrtNm>2ND FLOOR, PALMERSTOWN HOUSE</StrtNm><PstCd>D02WD37</PstCd><TwnNm>DUBLIN</TwnNm><Ctry>IE</Ctry></PstlAdr></Cdtr><CdtrAcct><Id><IBAN>GB57BOFA16505023011034</IBAN></Id><Nm>PINTEREST EUROPE LIMITED</Nm></CdtrAcct><Tax><Dbtr><TaxId>PT501997784</TaxId></Dbtr><RefNb>320177182</RefNb><Dt>2025-06-03</Dt><Rcrd><Tp>WHT</Tp><TaxAmt><TaxblBaseAmt Ccy="EUR">0.00</TaxblBaseAmt><TtlAmt Ccy="EUR">0.00</TtlAmt></TaxAmt></Rcrd></Tax><RmtInf><Ustrd>/INV/320177182 1.5.2025/INV/320177181 1.5.2025</Ustrd></RmtInf></CdtTrfTxInf><CdtTrfTxInf><PmtId><InstrId>01-201022300025812025</InstrId><EndToEndId>2230002581</EndToEndId></PmtId><Amt><InstdAmt Ccy="EUR">19734.44</InstdAmt></Amt><CdtrAgt><FinInstnId><ClrSysMmbId><ClrSysId><Cd>ESNCC</Cd></ClrSysId><MmbId>01287672</MmbId></ClrSysMmbId><Nm>BANKINTER, S.A</Nm><PstlAdr><Ctry>ES</Ctry></PstlAdr></FinInstnId></CdtrAgt><Cdtr><Nm>ELOGIA MEDIA S.L.</Nm><PstlAdr><StrtNm>Areal, 18, 3(o) - Oficina 7</StrtNm><PstCd>36201</PstCd><TwnNm>VIGO</TwnNm><Ctry>ES</Ctry></PstlAdr></Cdtr><CdtrAcct><Id><IBAN>ES7301287672600500009286</IBAN></Id><Nm>ELOGIA MEDIA S.L.</Nm></CdtrAcct><Tax><Dbtr><TaxId>PT501997784</TaxId></Dbtr><RefNb>FVE/2025/00707</RefNb><Dt>2025-06-03</Dt><Rcrd><Tp>WHT</Tp><TaxAmt><TaxblBaseAmt Ccy="EUR">0.00</TaxblBaseAmt><TtlAmt Ccy="EUR">0.00</TtlAmt></TaxAmt></Rcrd></Tax><RmtInf><Ustrd>/ADV/2230002581 3.6.2025</Ustrd></RmtInf></CdtTrfTxInf><CdtTrfTxInf><PmtId><InstrId>01-201022300025802025</InstrId><EndToEndId>2230002580</EndToEndId></PmtId><Amt><InstdAmt Ccy="EUR">3350.00</InstdAmt></Amt><CdtrAgt><FinInstnId><ClrSysMmbId><ClrSysId><Cd>PTNCC</Cd></ClrSysId><MmbId>00352078</MmbId></ClrSysMmbId><Nm>CAIXA GERAL DEPOSITOS</Nm><PstlAdr><Ctry>PT</Ctry></PstlAdr></FinInstnId><BrnchId><Id>AUTOMÁTICO</Id></BrnchId></CdtrAgt><Cdtr><Nm>LUSOCARGO -TRANSITARIOS, SA</Nm><PstlAdr><StrtNm>R JOAQUIM DIAS SALGUEIRO, 167</StrtNm><PstCd>4470-777</PstCd><TwnNm>MAIA</TwnNm><Ctry>PT</Ctry></PstlAdr></Cdtr><CdtrAcct><Id><IBAN>PT50003520780069996443051</IBAN></Id><Nm>LUSOCARGO -TRANSITARIOS, SA</Nm></CdtrAcct><Tax><Dbtr><TaxId>PT501997784</TaxId></Dbtr><RefNb>33.554330</RefNb><Dt>2025-06-03</Dt><Rcrd><Tp>WHT</Tp><TaxAmt><TaxblBaseAmt Ccy="EUR">0.00</TaxblBaseAmt><TtlAmt Ccy="EUR">0.00</TtlAmt></TaxAmt></Rcrd></Tax><RmtInf><Ustrd>/ADV/2230002580 3.6.2025</Ustrd></RmtInf></CdtTrfTxInf><CdtTrfTxInf><PmtId><InstrId>01-201022300025792025</InstrId><EndToEndId>2230002579</EndToEndId></PmtId><Amt><InstdAmt Ccy="EUR">18802.84</InstdAmt></Amt><CdtrAgt><FinInstnId><ClrSysMmbId><ClrSysId><Cd>ESNCC</Cd></ClrSysId><MmbId>01490101</MmbId></ClrSysMmbId><Nm>BNP</Nm><PstlAdr><Ctry>ES</Ctry></PstlAdr></FinInstnId><BrnchId><Id>ESPANHA</Id></BrnchId></CdtrAgt><Cdtr><Nm>RTBH RETARGETING SL</Nm><PstlAdr><StrtNm>Calle Maria de Molina, 1- ENT IZ, 1</StrtNm><PstCd>28006</PstCd><TwnNm>Madrid</TwnNm><Ctry>ES</Ctry></PstlAdr></Cdtr><CdtrAcct><Id><IBAN>ES8601490101110305409001</IBAN></Id><Nm>RTBH RETARGETING SL</Nm></CdtrAcct><Tax><Dbtr><TaxId>PT501997784</TaxId></Dbtr><RefNb>F25/0431</RefNb><Dt>2025-06-03</Dt><Rcrd><Tp>WHT</Tp><TaxAmt><TaxblBaseAmt Ccy="EUR">0.00</TaxblBaseAmt><TtlAmt Ccy="EUR">0.00</TtlAmt></TaxAmt></Rcrd></Tax><RmtInf><Ustrd>/INV/F25/0431 30.4.2025</Ustrd></RmtInf></CdtTrfTxInf><CdtTrfTxInf><PmtId><InstrId>01-201022300025782025</InstrId><EndToEndId>2230002578</EndToEndId></PmtId><Amt><InstdAmt Ccy="EUR">2274.27</InstdAmt></Amt><CdtrAgt><FinInstnId><ClrSysMmbId><ClrSysId><Cd>PTNCC</Cd></ClrSysId><MmbId>00330000</MmbId></ClrSysMmbId><Nm>Millenium BCP</Nm><PstlAdr><Ctry>PT</Ctry></PstlAdr></FinInstnId></CdtrAgt><Cdtr><Nm>BUBBLE SURPRISE UNIPESSOAL, LDA</Nm><PstlAdr><StrtNm>R CAMILO CASTELO BRANCO 983 PQ5</StrtNm><PstCd>4400-063</PstCd><TwnNm>VILA NOVA DE GAIA</TwnNm><Ctry>PT</Ctry></PstlAdr></Cdtr><CdtrAcct><Id><IBAN>PT50003300004541278905205</IBAN></Id><Nm>BUBBLE SURPRISE UNIPESSOAL, LDA</Nm></CdtrAcct><Tax><Dbtr><TaxId>PT501997784</TaxId></Dbtr><RefNb>496/274</RefNb><Dt>2025-06-03</Dt><Rcrd><Tp>WHT</Tp><TaxAmt><TaxblBaseAmt Ccy="EUR">0.00</TaxblBaseAmt><TtlAmt Ccy="EUR">0.00</TtlAmt></TaxAmt></Rcrd></Tax><RmtInf><Ustrd>/INV/496/274 1.5.2025</Ustrd></RmtInf></CdtTrfTxInf></PmtInf></CstmrCdtTrfInitn></Document>